update_id,best_bid_price,best_bid_qty,best_ask_price,best_ask_qty,transaction_time,event_time
3319366863672,27981.30000000,12.91100000,27981.40000000,7.25800000,1696204800012,1696204800018
3319366863746,27981.30000000,12.91100000,27981.40000000,5.82900000,1696204800013,1696204800018
3319366864247,27981.30000000,12.91300000,27981.40000000,5.82900000,1696204800025,1696204800029
3319366864515,27981.30000000,12.91300000,27981.40000000,5.72400000,1696204800026,1696204800031
3319366865022,27981.30000000,12.91300000,27981.40000000,5.78800000,1696204800029,1696204800035
3319366865341,27981.30000000,12.91300000,27981.40000000,5.84200000,1696204800030,1696204800038
3319366865597,27981.30000000,12.89000000,27981.40000000,5.84200000,1696204800031,1696204800038
3319366866893,27981.30000000,12.91100000,27981.40000000,5.82500000,1696204800041,1696204800046
3319366866899,27981.30000000,12.91100000,27981.40000000,5.81900000,1696204800041,1696204800046
3319366866912,27981.30000000,12.90900000,27981.40000000,5.81900000,1696204800041,1696204800046
3319366866934,27981.30000000,12.90900000,27981.40000000,5.76100000,1696204800042,1696204800046
3319366866960,27981.30000000,13.26900000,27981.40000000,5.76100000,1696204800042,1696204800047
3319366866962,27981.30000000,13.62900000,27981.40000000,5.76100000,1696204800042,1696204800047
3319366867185,27981.30000000,13.98900000,27981.40000000,5.76100000,1696204800046,1696204800050
3319366867415,27981.30000000,13.98900000,27981.40000000,5.76300000,1696204800047,1696204800052
3319366867526,27981.30000000,13.98900000,27981.40000000,5.76600000,1696204800048,1696204800054
3319366867730,27981.30000000,13.98900000,27981.40000000,5.76900000,1696204800049,1696204800055
3319366867860,27981.30000000,13.91800000,27981.40000000,5.76900000,1696204800050,1696204800056
3319366868251,27981.30000000,13.97800000,27981.40000000,5.76900000,1696204800054,1696204800060
3319366868716,27981.30000000,13.97800000,27981.40000000,3.95400000,1696204800059,1696204800063
3319366870164,27981.30000000,13.97800000,27981.40000000,3.95100000,1696204800067,1696204800072
3319366870196,27981.30000000,13.97800000,27981.40000000,3.56700000,1696204800067,1696204800072
3319366870554,27981.30000000,13.97800000,27981.40000000,3.56400000,1696204800068,1696204800075
3319366870810,27981.30000000,13.97800000,27981.40000000,3.56100000,1696204800069,1696204800076
3319366870942,27981.30000000,13.97800000,27981.40000000,3.55900000,1696204800070,1696204800076
3319366872052,27981.30000000,13.97800000,27981.40000000,3.55800000,1696204800076,1696204800084
3319366872111,27981.30000000,13.97700000,27981.40000000,3.55800000,1696204800076,1696204800084
3319366872143,27981.30000000,13.97700000,27981.40000000,3.55000000,1696204800076,1696204800084
3319366872236,27981.30000000,13.97700000,27981.40000000,3.54700000,1696204800077,1696204800084
3319366873566,27981.30000000,13.97800000,27981.40000000,3.54700000,1696204800087,1696204800092
3319366874351,27981.30000000,13.81800000,27981.40000000,3.54700000,1696204800091,1696204800098
3319366875905,27981.30000000,13.81800000,27981.40000000,1.76000000,1696204800099,1696204800106
3319366876108,27981.30000000,13.81800000,27981.40000000,1.76400000,1696204800100,1696204800106
3319366876227,27981.30000000,13.81800000,27981.40000000,1.64900000,1696204800100,1696204800106
3319366877881,27981.30000000,13.81800000,27981.40000000,1.65000000,1696204800112,1696204800118
3319366877927,27981.30000000,13.81700000,27981.40000000,1.65000000,1696204800112,1696204800118
3319366878048,27981.30000000,12.10000000,27981.40000000,1.65000000,1696204800113,1696204800118
3319366878193,27981.30000000,12.10000000,27981.40000000,2.36400000,1696204800114,1696204800121
3319366878917,27981.30000000,12.27900000,27981.40000000,2.36400000,1696204800117,1696204800122
3319366879229,27981.30000000,12.27900000,27981.40000000,2.29500000,1696204800120,1696204800125
3319366879468,27981.30000000,12.27900000,27981.40000000,2.29800000,1696204800122,1696204800129
3319366879515,27981.30000000,12.27900000,27981.40000000,2.30100000,1696204800122,1696204800129
3319366879586,27981.30000000,12.27900000,27981.40000000,2.30400000,1696204800123,1696204800129
3319366879623,27981.30000000,12.27900000,27981.40000000,2.30100000,1696204800123,1696204800129
3319366879864,27981.30000000,12.27900000,27981.40000000,2.30400000,1696204800124,1696204800131
3319366879907,27981.30000000,12.27900000,27981.40000000,2.30600000,1696204800124,1696204800131
3319366880120,27981.30000000,12.21100000,27981.40000000,2.30600000,1696204800126,1696204800131
3319366881326,27981.30000000,12.04200000,27981.40000000,2.30600000,1696204800132,1696204800139
3319366881559,27981.30000000,12.10600000,27981.40000000,2.30600000,1696204800135,1696204800141
3319367291471,27981.30000000,12.10600000,27981.40000000,0.51900000,1696204801226,1696204801830
3319367297007,27981.30000000,12.10600000,27981.40000000,0.51700000,1696204801240,1696204801853
3319367297015,27981.30000000,12.10600000,27981.40000000,0.51400000,1696204801240,1696204801853
3319367297035,27981.30000000,12.10600000,27981.40000000,0.51100000,1696204801240,1696204801853
3319367297067,27981.30000000,12.10600000,27981.40000000,0.50800000,1696204801240,1696204801853
3319367366560,27981.30000000,12.10600000,27981.40000000,0.50500000,1696204801418,1696204802142
3319367393860,27981.30000000,12.10600000,27981.50000000,0.00100000,1696204801486,1696204802254
3319367393879,27981.30000000,12.29500000,27981.50000000,0.00100000,1696204801486,1696204802256
3319367406082,27981.30000000,12.29500000,27981.40000000,0.00200000,1696204801517,1696204802307
3319367676704,27981.50000000,7.62200000,27981.60000000,0.00100000,1696204802232,1696204803433
3319368321776,27981.50000000,7.62000000,27981.60000000,0.00100000,1696204803866,1696204805892
3319368380675,27982.20000000,4.54200000,27982.30000000,0.13900000,1696204804007,1696204806127
3319368610122,27982.20000000,4.38000000,27982.30000000,0.13900000,1696204804597,1696204807079
3319368610288,27982.20000000,4.37900000,27982.30000000,0.13900000,1696204804598,1696204807079
3319368610297,27982.20000000,4.33200000,27982.30000000,0.13900000,1696204804598,1696204807079
3319368612442,27982.20000000,5.04600000,27982.30000000,0.13600000,1696204804605,1696204807088
3319368613241,27981.90000000,1.18200000,27982.30000000,0.13600000,1696204804608,1696204807094
3319368613718,27981.90000000,1.18200000,27982.30000000,0.13300000,1696204804610,1696204807096
3319368614424,27981.90000000,1.18200000,27982.30000000,0.08500000,1696204804612,1696204807097
3319368614971,27981.90000000,1.18100000,27982.30000000,0.08500000,1696204804615,1696204807115
3319368616366,27981.90000000,1.17900000,27982.30000000,0.08500000,1696204804620,1696204807117
3319368616668,27981.90000000,1.17900000,27982.30000000,0.07500000,1696204804621,1696204807117
3319368618036,27981.90000000,1.17800000,27982.30000000,0.07500000,1696204804626,1696204807121
3319368618259,27981.90000000,1.16800000,27982.30000000,0.07500000,1696204804627,1696204807122
3319368619118,27981.90000000,1.16800000,27982.30000000,0.07400000,1696204804630,1696204807124
3319368620426,27981.90000000,1.13800000,27982.30000000,0.07400000,1696204804633,1696204807126
3319368620471,27981.90000000,1.12300000,27982.30000000,0.07400000,1696204804634,1696204807126
3319368620607,27981.90000000,1.09300000,27982.30000000,0.07400000,1696204804634,1696204807128
3319368621742,27981.90000000,0.91600000,27982.30000000,0.07400000,1696204804637,1696204807128
3319368622891,27984.00000000,0.38600000,27984.10000000,0.12900000,1696204804639,1696204807129
3319368623668,27984.00000000,0.38500000,27984.10000000,0.12900000,1696204804641,1696204807130
3319368624383,27984.20000000,0.21100000,27984.30000000,0.04000000,1696204804643,1696204807135
3319368624410,27984.20000000,0.21100000,27984.30000000,0.03800000,1696204804643,1696204807135
3319368625524,27984.50000000,0.55000000,27984.60000000,1.59800000,1696204804648,1696204807139
3319368625884,27984.50000000,0.53300000,27984.60000000,1.59800000,1696204804649,1696204807142
3319368626141,27984.50000000,0.53300000,27984.60000000,1.59100000,1696204804650,1696204807143
3319368626632,27984.50000000,0.53300000,27984.60000000,0.46400000,1696204804652,1696204807146
3319368627484,27984.50000000,0.53300000,27984.60000000,0.45900000,1696204804656,1696204807148
3319368628376,27984.50000000,0.84500000,27984.60000000,0.45900000,1696204804659,1696204807150
3319368628405,27984.50000000,1.14300000,27984.60000000,0.45900000,1696204804660,1696204807150
3319368628453,27984.50000000,0.84500000,27984.60000000,0.45900000,1696204804660,1696204807150
3319368628620,27984.50000000,0.84500000,27984.60000000,0.40100000,1696204804660,1696204807150
3319368628985,27984.50000000,0.84400000,27984.60000000,0.40100000,1696204804662,1696204807153
3319368630969,27984.50000000,0.74100000,27984.60000000,0.40100000,1696204804669,1696204807162
3319368631241,27984.50000000,0.42900000,27984.60000000,0.40100000,1696204804670,1696204807163
3319368631458,27984.50000000,0.42900000,27984.60000000,0.40000000,1696204804671,1696204807163
3319368632389,27984.50000000,0.42900000,27984.60000000,0.36800000,1696204804674,1696204807166
3319368632706,27984.50000000,0.42900000,27984.70000000,0.44100000,1696204804675,1696204807168
3319368635081,27984.00000000,0.28500000,27984.70000000,0.44100000,1696204804682,1696204807174
3319368638232,27984.00000000,0.28400000,27984.70000000,0.44100000,1696204804693,1696204807188
3319368639623,27984.00000000,0.28400000,27984.70000000,0.42100000,1696204804697,1696204807195
3319368640199,27984.00000000,0.28400000,27984.70000000,0.17200000,1696204804699,1696204807196
3319368641563,27984.00000000,0.28400000,27984.80000000,0.03700000,1696204804703,1696204807201
3319368642791,27984.00000000,0.28400000,27984.90000000,0.21700000,1696204804707,1696204807206
3319368643659,27984.00000000,0.28300000,27984.90000000,0.21700000,1696204804710,1696204807207
3319368650738,27984.00000000,0.28300000,27984.90000000,0.00100000,1696204804732,1696204807232
3319368650813,27984.00000000,0.28300000,27984.40000000,0.12000000,1696204804732,1696204807232
3319368653210,27984.00000000,0.10400000,27984.40000000,0.12000000,1696204804738,1696204807241
3319368655653,27984.00000000,0.10400000,27984.40000000,0.11900000,1696204804744,1696204807249
3319368657764,27984.00000000,0.10000000,27984.40000000,0.11900000,1696204804750,1696204807260
3319368658068,27984.00000000,0.09700000,27984.40000000,0.11900000,1696204804751,1696204807261
3319368658143,27984.00000000,0.09700000,27984.40000000,0.11100000,1696204804751,1696204807261
3319368660645,27984.00000000,0.09700000,27985.00000000,3.54800000,1696204804759,1696204807271
3319368661580,27984.00000000,0.09700000,27985.00000000,3.54700000,1696204804762,1696204807273
3319368661723,27984.00000000,0.09600000,27985.00000000,3.54700000,1696204804762,1696204807273
3319368662370,27984.00000000,0.05400000,27985.00000000,3.54700000,1696204804764,1696204807276
3319368662968,27984.00000000,0.05400000,27985.00000000,3.39700000,1696204804766,1696204807280
3319368664161,27984.00000000,0.05400000,27985.00000000,3.37100000,1696204804769,1696204807281
3319368664540,27984.00000000,0.05400000,27985.00000000,3.37000000,1696204804770,1696204807283
3319368664676,27984.00000000,0.05400000,27985.00000000,3.25800000,1696204804771,1696204807285
3319368665212,27984.00000000,0.05400000,27985.00000000,3.25400000,1696204804773,1696204807286
3319368665720,27984.00000000,0.05300000,27985.00000000,3.25400000,1696204804774,1696204807288
3319368666010,27984.00000000,0.04300000,27985.00000000,3.25400000,1696204804775,1696204807289
3319368666032,27984.00000000,0.04300000,27985.00000000,3.25300000,1696204804775,1696204807289
3319368666550,27984.00000000,0.04200000,27985.00000000,3.25300000,1696204804776,1696204807292
3319368666613,27984.00000000,0.04200000,27985.00000000,3.25200000,1696204804776,1696204807292
3319368671160,27985.20000000,0.08500000,27985.90000000,0.10500000,1696204804788,1696204807310
3319368673701,27984.00000000,0.00300000,27985.90000000,0.10500000,1696204804795,1696204807320
3319368674349,27983.90000000,0.06400000,27985.90000000,0.10500000,1696204804797,1696204807326
3319368675282,27983.90000000,0.06400000,27985.90000000,0.10200000,1696204804800,1696204807327
3319368679047,27983.90000000,0.06400000,27985.90000000,0.09900000,1696204804811,1696204807340
3319368679377,27983.90000000,0.06400000,27985.90000000,0.09700000,1696204804812,1696204807340
3319368679823,27983.50000000,0.51800000,27985.90000000,0.09700000,1696204804813,1696204807344
3319368681726,27983.50000000,0.51800000,27986.00000000,0.12400000,1696204804818,1696204807348
3319368682648,27983.50000000,0.51200000,27986.00000000,0.12400000,1696204804821,1696204807354
3319368682712,27983.50000000,0.51200000,27986.00000000,0.11300000,1696204804821,1696204807358
3319368683494,27983.50000000,0.51200000,27986.00000000,0.11200000,1696204804823,1696204807359
3319368683620,27983.50000000,0.51200000,27987.00000000,0.17100000,1696204804823,1696204807359
3319368683941,27983.50000000,0.51200000,27987.00000000,0.16100000,1696204804824,1696204807360
3319368685162,27983.50000000,0.49200000,27987.00000000,0.16100000,1696204804828,1696204807362
3319368685193,27983.50000000,0.49200000,27987.00000000,0.09000000,1696204804828,1696204807362
3319368685286,27983.50000000,0.49200000,27987.00000000,0.08900000,1696204804828,1696204807362
3319368686797,27983.50000000,0.49200000,27986.70000000,0.09400000,1696204804832,1696204807371
3319368686911,27983.50000000,0.49200000,27984.00000000,0.17900000,1696204804833,1696204807371
3319368687660,27983.50000000,0.47800000,27984.00000000,0.17900000,1696204804835,1696204807375
3319368688220,27983.50000000,0.47800000,27984.00000000,0.17600000,1696204804837,1696204807377
3319368688248,27983.50000000,0.47800000,27984.00000000,0.17300000,1696204804837,1696204807377
3319368688306,27983.50000000,0.47800000,27984.00000000,0.17000000,1696204804837,1696204807377
3319368688346,27983.50000000,0.47800000,27984.00000000,0.16700000,1696204804837,1696204807377
3319368688358,27983.50000000,0.47800000,27984.00000000,0.16400000,1696204804837,1696204807377
3319368688363,27983.50000000,0.47800000,27984.00000000,0.16100000,1696204804837,1696204807377
3319368688406,27983.50000000,0.47800000,27984.00000000,0.15800000,1696204804837,1696204807377
3319368688447,27983.50000000,0.47800000,27984.00000000,0.15500000,1696204804837,1696204807377
3319368688477,27983.50000000,0.47800000,27984.00000000,0.09500000,1696204804837,1696204807377
3319368688743,27983.50000000,0.47800000,27987.20000000,0.52500000,1696204804838,1696204807377
3319368689380,27983.30000000,0.57800000,27987.20000000,0.52500000,1696204804840,1696204807379
3319368689535,27983.30000000,0.53600000,27987.20000000,0.52500000,1696204804840,1696204807381
3319368690287,27983.30000000,0.39700000,27987.20000000,0.52500000,1696204804843,1696204807383
3319368690629,27983.30000000,0.39700000,27987.20000000,0.52200000,1696204804844,1696204807384
3319368690636,27983.30000000,0.39700000,27987.20000000,0.51900000,1696204804844,1696204807384
3319368690682,27983.30000000,0.39700000,27987.20000000,0.51600000,1696204804844,1696204807384
3319368690701,27983.30000000,0.39700000,27987.20000000,0.51300000,1696204804844,1696204807385
3319368690720,27983.30000000,0.39700000,27987.20000000,0.51000000,1696204804844,1696204807385
3319368691126,27983.30000000,0.38100000,27987.20000000,0.51000000,1696204804846,1696204807387
3319368693144,27983.30000000,0.38100000,27984.40000000,1.40600000,1696204804852,1696204807394
3319368693861,27983.30000000,0.38100000,27984.40000000,1.29600000,1696204804855,1696204807400
3319368696480,27981.80000000,1.52100000,27984.40000000,1.29600000,1696204804861,1696204807407
3319368696762,27981.80000000,1.52100000,27984.40000000,1.28200000,1696204804862,1696204807408
3319368696776,27981.80000000,1.51400000,27984.40000000,1.28200000,1696204804862,1696204807408
3319368699817,27981.80000000,1.39800000,27984.40000000,1.28200000,1696204804870,1696204807423
3319368700886,27981.80000000,0.39800000,27984.40000000,1.28200000,1696204804874,1696204807426
3319368701468,27981.80000000,0.39800000,27984.40000000,1.28000000,1696204804876,1696204807429
3319368702477,27981.80000000,0.39400000,27984.40000000,1.28000000,1696204804878,1696204807431
3319368704167,27981.80000000,0.28800000,27984.40000000,1.28000000,1696204804882,1696204807438
3319368705139,27981.80000000,0.18300000,27984.40000000,1.28000000,1696204804884,1696204807441
3319368705643,27981.80000000,0.18300000,27984.40000000,1.27900000,1696204804885,1696204807443
3319368707193,27981.80000000,0.18300000,27984.40000000,1.05100000,1696204804890,1696204807449
3319368709755,27981.80000000,0.18300000,27984.40000000,1.05000000,1696204804897,1696204807459
3319368709824,27981.70000000,2.82400000,27984.40000000,1.05000000,1696204804897,1696204807459
3319368710371,27981.70000000,2.82400000,27984.40000000,0.99600000,1696204804899,1696204807460
3319368711408,27981.70000000,2.82400000,27984.40000000,0.94200000,1696204804902,1696204807465
3319368711558,27981.70000000,2.82300000,27984.40000000,0.94200000,1696204804902,1696204807465
3319368711609,27981.70000000,2.82300000,27984.40000000,0.93300000,1696204804902,1696204807466
3319368713070,27981.70000000,2.82300000,27984.40000000,0.93200000,1696204804907,1696204807472
3319368713453,27981.70000000,2.82300000,27984.40000000,0.93100000,1696204804908,1696204807473
3319368713710,27981.70000000,2.82300000,27984.40000000,0.93000000,1696204804909,1696204807474
3319368713870,27981.70000000,2.82200000,27984.40000000,0.93000000,1696204804909,1696204807474
3319368713941,27981.70000000,2.84000000,27984.40000000,0.93000000,1696204804910,1696204807475
3319368713942,27982.10000000,0.01800000,27984.40000000,0.93000000,1696204804910,1696204807475
3319368713944,27982.30000000,0.01800000,27984.40000000,0.93000000,1696204804910,1696204807475
3319368713997,27982.30000000,0.03600000,27984.40000000,0.93000000,1696204804910,1696204807475
3319368713998,27982.40000000,0.01800000,27984.40000000,0.93000000,1696204804910,1696204807475
3319368713999,27982.60000000,0.01800000,27984.40000000,0.93000000,1696204804910,1696204807475
3319368714098,27982.60000000,0.01800000,27984.40000000,0.92400000,1696204804910,1696204807475
3319368714124,27982.60000000,0.01800000,27984.40000000,0.92000000,1696204804910,1696204807475
3319368714153,27982.60000000,0.03600000,27984.40000000,0.92000000,1696204804910,1696204807477
3319368714154,27982.60000000,0.05400000,27984.40000000,0.92000000,1696204804910,1696204807477
3319368714696,27982.60000000,0.05400000,27984.40000000,0.91600000,1696204804912,1696204807479
3319368715541,27982.60000000,0.05400000,27985.90000000,0.67300000,1696204804914,1696204807481
3319368715786,27986.30000000,0.12700000,27987.20000000,3.40200000,1696204804915,1696204807483
3319368716686,27986.30000000,0.09700000,27987.20000000,3.40200000,1696204804918,1696204807487
3319368718146,27986.30000000,0.09700000,27987.20000000,3.40100000,1696204804922,1696204807490
3319368719274,27986.30000000,0.09700000,27987.20000000,2.98800000,1696204804927,1696204807496
3319368719412,27986.30000000,0.09400000,27987.20000000,2.98800000,1696204804927,1696204807496
3319368721563,27984.60000000,0.62000000,27987.20000000,2.98800000,1696204804935,1696204807504
3319368721584,27984.60000000,0.61900000,27987.20000000,2.98800000,1696204804935,1696204807505
3319368723851,27984.60000000,0.61800000,27987.20000000,2.98800000,1696204804943,1696204807514
3319368723898,27984.60000000,0.61800000,27984.90000000,0.00100000,1696204804943,1696204807514
3319368724791,27984.60000000,0.61800000,27987.20000000,2.98800000,1696204804947,1696204807518
3319368725587,27984.60000000,0.61800000,27987.20000000,2.89800000,1696204804949,1696204807519
3319368727009,27984.60000000,0.61500000,27987.20000000,2.89800000,1696204804954,1696204807524
3319368727670,27984.60000000,0.61500000,27987.20000000,2.68800000,1696204804957,1696204807526
3319368729193,27984.60000000,0.46200000,27987.20000000,2.68800000,1696204804961,1696204807532
3319368730347,27984.60000000,0.46200000,27987.20000000,2.68600000,1696204804965,1696204807535
3319368732033,27984.60000000,0.46200000,27987.20000000,2.82800000,1696204804971,1696204807543
3319368732157,27984.60000000,0.46200000,27987.20000000,2.96000000,1696204804972,1696204807543
3319368732234,27984.60000000,0.46200000,27984.90000000,0.05700000,1696204804972,1696204807543
3319368735296,27984.60000000,0.46200000,27984.90000000,0.05600000,1696204804985,1696204807555
3319368735313,27984.60000000,0.46200000,27984.90000000,0.05500000,1696204804985,1696204807555
3319368735447,27984.60000000,0.46200000,27984.90000000,0.05400000,1696204804985,1696204807556
3319368735633,27984.60000000,0.46000000,27984.90000000,0.05400000,1696204804986,1696204807556
3319368735890,27984.60000000,0.46000000,27984.90000000,0.32000000,1696204804987,1696204807557
3319368737087,27984.60000000,0.46000000,27984.90000000,0.43600000,1696204804992,1696204807560
3319368737291,27984.60000000,0.46000000,27984.90000000,0.43500000,1696204804993,1696204807562
3319368738824,27984.60000000,0.46000000,27984.90000000,0.16900000,1696204804999,1696204807567
3319368739488,27984.60000000,0.46000000,27984.90000000,0.05300000,1696204805002,1696204807570
3319368739510,27984.60000000,0.46000000,27984.90000000,0.22900000,1696204805002,1696204807570
3319368742060,27984.60000000,0.46000000,27984.90000000,0.05100000,1696204805013,1696204807580
3319368742155,27984.60000000,0.46000000,27984.90000000,0.08800000,1696204805013,1696204807581
3319368742157,27984.60000000,0.46000000,27984.90000000,0.12500000,1696204805013,1696204807581
3319368743847,27984.60000000,0.46000000,27984.70000000,0.00400000,1696204805020,1696204807586
3319368744053,27984.60000000,0.46000000,27987.20000000,2.55900000,1696204805021,1696204807588
3319368744316,27984.60000000,0.46000000,27987.20000000,0.73500000,1696204805022,1696204807591
3319368744717,27984.60000000,0.46000000,27984.70000000,0.70300000,1696204805024,1696204807593
3319368745049,27984.60000000,0.43700000,27984.70000000,0.70300000,1696204805026,1696204807593
3319368745210,27984.60000000,0.43700000,27984.70000000,0.69700000,1696204805027,1696204807593
3319368745226,27984.60000000,0.43700000,27984.70000000,0.69100000,1696204805027,1696204807593
3319368745319,27984.60000000,0.43700000,27984.70000000,0.21400000,1696204805027,1696204807594
3319368746334,27984.60000000,0.43700000,27984.70000000,0.18900000,1696204805032,1696204807601
3319368746816,27987.20000000,1.30600000,27989.40000000,0.06800000,1696204805034,1696204807601
3319368746844,27987.20000000,1.30600000,27989.40000000,0.06700000,1696204805034,1696204807601
3319368748328,27987.20000000,1.30600000,27991.00000000,1.63700000,1696204805039,1696204807603
3319368748798,27987.20000000,1.30600000,27991.00000000,1.54600000,1696204805041,1696204807604
3319368750041,27987.20000000,1.30600000,27991.00000000,1.42400000,1696204805045,1696204807611
3319368750892,27987.20000000,1.30500000,27991.00000000,1.42400000,1696204805047,1696204807615
3319368754687,27987.20000000,1.30500000,27988.60000000,0.05400000,1696204805059,1696204807628
3319368755873,27987.20000000,0.65200000,27988.60000000,0.05400000,1696204805062,1696204807634
3319368756505,27986.60000000,0.65300000,27988.60000000,0.05400000,1696204805064,1696204807635
3319368756506,27985.40000000,0.65200000,27988.60000000,0.05400000,1696204805064,1696204807635
3319368756651,27985.20000000,0.01400000,27988.60000000,0.05400000,1696204805064,1696204807636
3319368757808,27984.90000000,0.39900000,27988.60000000,0.05400000,1696204805068,1696204807640
3319368759752,27984.90000000,0.39900000,27987.40000000,0.00400000,1696204805077,1696204807647
3319368759917,27984.90000000,0.39900000,27987.40000000,0.00300000,1696204805077,1696204807648
3319368759937,27984.90000000,0.39900000,27987.30000000,0.12000000,1696204805077,1696204807648
3319368760222,27984.90000000,0.39900000,27985.10000000,0.20000000,1696204805079,1696204807648
3319368760343,27984.90000000,0.39900000,27985.10000000,0.19700000,1696204805079,1696204807648
3319368762462,27984.90000000,0.39900000,27985.10000000,0.18900000,1696204805089,1696204807660
3319368764412,27985.90000000,0.00700000,27991.00000000,0.31000000,1696204805100,1696204807664
3319368764469,27985.90000000,0.00700000,27991.00000000,0.30900000,1696204805100,1696204807664
3319368764483,27985.90000000,0.00700000,27991.00000000,0.30800000,1696204805100,1696204807664
3319368764630,27985.90000000,0.00700000,27986.70000000,0.02900000,1696204805101,1696204807665
3319368764743,27985.90000000,0.00700000,27986.50000000,0.08000000,1696204805101,1696204807665
3319368764823,27985.90000000,0.00700000,27986.20000000,0.00600000,1696204805101,1696204807665
3319368765117,27985.90000000,0.01400000,27986.20000000,0.00600000,1696204805103,1696204807665
3319368765491,27985.90000000,0.01600000,27986.20000000,0.00600000,1696204805105,1696204807668
3319368765775,27985.90000000,0.01800000,27986.20000000,0.00600000,1696204805106,1696204807672
3319368765872,27985.90000000,0.03400000,27986.20000000,0.00600000,1696204805106,1696204807672
3319368766133,27985.90000000,0.05000000,27986.20000000,0.00600000,1696204805108,1696204807673
3319368768849,27985.90000000,0.05000000,27986.20000000,0.00500000,1696204805121,1696204807680
3319368768901,27985.90000000,0.05000000,27986.00000000,0.05900000,1696204805121,1696204807680
3319368768929,27985.90000000,0.05000000,27986.00000000,0.05800000,1696204805121,1696204807680
3319368769156,27985.90000000,0.05700000,27986.00000000,0.05800000,1696204805122,1696204807680
3319368770474,27985.90000000,0.05700000,27986.50000000,0.02700000,1696204805129,1696204807688
3319368771486,27985.90000000,0.05700000,27986.70000000,0.04600000,1696204805133,1696204807689
3319368771570,27985.90000000,0.05700000,27987.00000000,1.23300000,1696204805133,1696204807689
3319368771738,27986.60000000,0.00400000,27987.00000000,1.23300000,1696204805134,1696204807689
3319368772426,27985.90000000,0.01900000,27987.00000000,1.23300000,1696204805137,1696204807695
3319368772713,27985.90000000,0.01900000,27987.00000000,1.23400000,1696204805138,1696204807698
3319368772867,27985.70000000,0.00700000,27987.00000000,1.23400000,1696204805139,1696204807698
3319368774671,27985.70000000,0.00600000,27987.00000000,1.23400000,1696204805147,1696204807702
3319368774817,27984.70000000,1.29100000,27984.80000000,0.05000000,1696204805147,1696204807702
3319368778732,27981.80000000,3.74200000,27981.90000000,0.71400000,1696204805163,1696204807718
3319368778992,27981.30000000,0.72200000,27981.90000000,0.71400000,1696204805163,1696204807718
3319368779000,27981.30000000,0.72200000,27981.80000000,0.78000000,1696204805164,1696204807718
3319368779013,27981.30000000,0.72200000,27981.80000000,0.77800000,1696204805164,1696204807718
3319368779428,27981.20000000,0.28400000,27981.80000000,0.77800000,1696204805165,1696204807720
3319368781401,27981.20000000,0.28400000,27981.60000000,0.00700000,1696204805174,1696204807727
3319368781485,27981.20000000,0.28400000,27981.30000000,0.00700000,1696204805174,1696204807728
3319368781671,27981.20000000,0.28400000,27981.30000000,0.01400000,1696204805175,1696204807728
3319368782548,27981.10000000,0.00200000,27981.30000000,0.01400000,1696204805179,1696204807731
3319368783093,27981.10000000,0.00200000,27981.40000000,0.01400000,1696204805181,1696204807734
3319368783549,27981.00000000,0.41200000,27981.10000000,8.24900000,1696204805183,1696204807735
3319368784399,27981.00000000,0.41200000,27981.10000000,8.24100000,1696204805187,1696204807738
3319368785848,27981.00000000,0.41200000,27981.10000000,8.89100000,1696204805193,1696204807744
3319368788545,27981.00000000,0.41200000,27981.10000000,8.81600000,1696204805204,1696204807752
3319368788883,27981.00000000,0.41200000,27981.10000000,8.74000000,1696204805205,1696204807752
3319368790340,27981.00000000,0.41200000,27981.10000000,8.65600000,1696204805211,1696204807761
3319368791773,27981.00000000,0.41200000,27981.10000000,8.53600000,1696204805217,1696204807772
3319368793409,27981.00000000,0.40900000,27981.10000000,8.53600000,1696204805224,1696204807774
3319368793492,27981.00000000,0.40700000,27981.10000000,8.53600000,1696204805224,1696204807774
3319368793945,27981.00000000,0.40400000,27981.10000000,8.53600000,1696204805226,1696204807776
3319368794508,27981.00000000,0.40400000,27981.10000000,8.53400000,1696204805229,1696204807777
3319368796348,27981.00000000,0.40400000,27981.10000000,8.53300000,1696204805237,1696204807781
3319368798881,27981.00000000,0.40400000,27981.10000000,8.66500000,1696204805248,1696204807790
3319368800528,27981.00000000,0.40400000,27981.10000000,8.49900000,1696204805257,1696204807799
3319368800656,27981.00000000,0.39300000,27981.10000000,8.49900000,1696204805257,1696204807799
3319368801928,27981.00000000,0.37400000,27981.10000000,8.49900000,1696204805263,1696204807805
3319368803819,27981.00000000,0.37400000,27981.10000000,8.25000000,1696204805270,1696204807818
3319368803935,27981.00000000,0.37400000,27981.10000000,8.11800000,1696204805271,1696204807818
3319368808127,27981.00000000,0.37400000,27981.10000000,8.11600000,1696204805288,1696204807829
3319368808264,27981.00000000,0.37400000,27981.10000000,0.65000000,1696204805289,1696204807830
3319368810053,27981.00000000,0.37500000,27981.10000000,0.65000000,1696204805294,1696204807837
3319368810063,27981.00000000,0.52300000,27981.10000000,0.65000000,1696204805295,1696204807838
3319368810206,27981.00000000,0.52300000,27981.10000000,0.64900000,1696204805295,1696204807838
3319368810373,27981.00000000,0.52300000,27981.10000000,0.61500000,1696204805295,1696204807838
3319368811386,27981.00000000,0.37500000,27981.10000000,0.61500000,1696204805299,1696204807841
3319368815868,27981.00000000,0.38500000,27981.10000000,0.61500000,1696204805313,1696204807862
3319368816664,27981.00000000,0.37800000,27981.10000000,0.61500000,1696204805315,1696204807865
3319368816788,27981.00000000,0.37800000,27981.10000000,0.56900000,1696204805316,1696204807865
3319368817887,27981.00000000,0.37500000,27981.10000000,0.56900000,1696204805319,1696204807869
3319368818177,27981.00000000,0.37400000,27981.10000000,0.56900000,1696204805320,1696204807870
3319368818348,27981.00000000,0.37400000,27981.10000000,0.54400000,1696204805320,1696204807872
3319368819022,27981.00000000,0.36600000,27981.10000000,0.54400000,1696204805323,1696204807874
3319368819838,27981.00000000,0.36600000,27981.10000000,0.54300000,1696204805327,1696204807876
3319368819931,27981.00000000,0.36600000,27981.10000000,0.53600000,1696204805327,1696204807876
3319368821579,27981.00000000,0.36600000,27981.10000000,0.94400000,1696204805334,1696204807881
3319368821851,27981.00000000,0.35600000,27981.10000000,0.94400000,1696204805335,1696204807883
3319368822456,27981.00000000,0.35600000,27981.10000000,0.83700000,1696204805338,1696204807885
3319368825233,27981.00000000,0.35600000,27981.10000000,0.83600000,1696204805350,1696204807895
3319368825658,27981.00000000,0.34300000,27981.10000000,0.83600000,1696204805352,1696204807896
3319368828920,27981.00000000,0.34300000,27981.10000000,0.83400000,1696204805365,1696204807910
3319368829488,27981.00000000,0.66700000,27981.10000000,0.83400000,1696204805368,1696204807912
3319368829607,27981.00000000,0.66600000,27981.10000000,0.83400000,1696204805369,1696204807912
3319368830825,27981.00000000,0.66600000,27981.10000000,0.77700000,1696204805374,1696204807918
3319368830946,27981.00000000,0.34200000,27981.10000000,0.77700000,1696204805375,1696204807918
3319368831138,27981.00000000,0.34400000,27981.10000000,0.77700000,1696204805376,1696204807919
3319368831201,27981.00000000,0.34400000,27981.10000000,0.77800000,1696204805376,1696204807919
3319368831753,27980.90000000,1.77500000,27981.10000000,0.77800000,1696204805378,1696204807922
3319368832027,27980.90000000,0.34600000,27981.10000000,0.77800000,1696204805379,1696204807922
3319368832377,27980.90000000,0.34600000,27981.10000000,0.78200000,1696204805380,1696204807923
3319368833266,27980.70000000,0.00200000,27981.10000000,0.78200000,1696204805383,1696204807928
3319368833296,27980.70000000,0.00200000,27981.10000000,3.00600000,1696204805383,1696204807928
3319368833735,27980.70000000,0.00200000,27981.00000000,0.00900000,1696204805384,1696204807928
3319368833737,27980.70000000,0.00200000,27980.80000000,0.00900000,1696204805384,1696204807928
3319368833766,27980.70000000,0.00200000,27980.80000000,0.02700000,1696204805384,1696204807928
3319368833844,27980.70000000,0.00200000,27980.80000000,0.03600000,1696204805385,1696204807929
3319368833912,27980.70000000,0.00200000,27980.80000000,0.05400000,1696204805385,1696204807929
3319368833962,27980.70000000,0.00200000,27980.80000000,0.07200000,1696204805385,1696204807929
3319368834084,27980.70000000,0.00200000,27980.80000000,0.09000000,1696204805385,1696204807929
3319368835272,27980.00000000,1.19900000,27980.20000000,16.01200000,1696204805390,1696204807935
3319368835713,27980.00000000,1.19900000,27980.20000000,16.03000000,1696204805392,1696204807937
3319368836320,27980.00000000,0.84200000,27980.20000000,16.03000000,1696204805395,1696204807939
3319368836625,27980.00000000,0.84200000,27980.10000000,1.07200000,1696204805396,1696204807940
3319368836635,27980.00000000,0.84200000,27980.10000000,1.03700000,1696204805396,1696204807940
3319368837111,27980.00000000,0.84200000,27980.10000000,1.04600000,1696204805398,1696204807943
3319368837632,27979.90000000,0.68800000,27980.00000000,8.00600000,1696204805400,1696204807945
3319368838936,27979.70000000,0.24000000,27980.00000000,8.00600000,1696204805406,1696204807948
3319368839262,27979.70000000,0.24000000,27980.00000000,7.95300000,1696204805407,1696204807949
3319368841310,27979.70000000,0.24000000,27980.00000000,8.66700000,1696204805416,1696204807959
3319368841498,27979.70000000,0.24000000,27980.00000000,8.63900000,1696204805417,1696204807959
3319368842225,27979.70000000,0.24000000,27980.00000000,8.63700000,1696204805420,1696204807964
3319368843005,27979.70000000,0.24000000,27980.00000000,0.71400000,1696204805423,1696204807967
3319368843992,27979.70000000,0.25800000,27980.00000000,0.71400000,1696204805426,1696204807968
3319368846238,27979.70000000,0.25900000,27980.00000000,0.71400000,1696204805435,1696204807977
3319368847308,27979.70000000,0.25300000,27980.00000000,0.71400000,1696204805440,1696204807987
3319368850022,27979.70000000,0.25300000,27980.00000000,0.83000000,1696204805453,1696204807995
3319368851143,27979.70000000,0.25300000,27980.00000000,0.83900000,1696204805458,1696204808000
3319368852565,27979.70000000,0.25300000,27980.00000000,0.83500000,1696204805464,1696204808007
3319368853046,27979.70000000,0.25300000,27980.00000000,0.53600000,1696204805466,1696204808007
3319368855727,27979.40000000,0.10200000,27980.00000000,0.53600000,1696204805475,1696204808019
3319368855843,27979.40000000,0.10200000,27980.00000000,0.40100000,1696204805475,1696204808019
3319368856100,27979.40000000,0.10200000,27980.00000000,0.39900000,1696204805476,1696204808020
3319368856836,27979.70000000,0.00100000,27980.00000000,0.39900000,1696204805479,1696204808023
3319368857719,27979.70000000,0.00100000,27980.00000000,0.39100000,1696204805482,1696204808026
3319368865417,27979.70000000,0.00100000,27980.00000000,0.38900000,1696204805512,1696204808057
3319368865649,27979.70000000,0.00100000,27980.00000000,0.37900000,1696204805513,1696204808058
3319368866104,27979.70000000,0.00100000,27980.00000000,0.35000000,1696204805515,1696204808058
3319368867722,27979.70000000,0.00100000,27980.00000000,0.36800000,1696204805522,1696204808066
3319368868715,27979.70000000,0.00100000,27980.00000000,0.38600000,1696204805527,1696204808070
3319368870051,27979.70000000,0.00100000,27980.00000000,0.51800000,1696204805532,1696204808074
3319368870306,27979.70000000,0.00100000,27980.00000000,0.38600000,1696204805533,1696204808076
3319368871019,27979.70000000,0.00100000,27980.00000000,0.40400000,1696204805536,1696204808079
3319368871861,27979.70000000,0.00100000,27979.90000000,0.36900000,1696204805539,1696204808082
3319368871956,27979.70000000,0.00100000,27979.80000000,0.36900000,1696204805539,1696204808082
3319368873160,27979.40000000,0.10400000,27979.70000000,0.06400000,1696204805543,1696204808088
3319368873437,27979.40000000,0.06900000,27979.70000000,0.77800000,1696204805544,1696204808092
3319368873517,27979.40000000,0.06900000,27979.70000000,0.80700000,1696204805544,1696204808092
3319368873520,27979.40000000,0.06900000,27979.60000000,0.02900000,1696204805544,1696204808092
3319368873559,27979.40000000,0.02500000,27979.60000000,0.02900000,1696204805545,1696204808092
3319368873606,27979.10000000,0.29600000,27979.60000000,0.02900000,1696204805545,1696204808092
3319368873640,27979.10000000,0.29600000,27979.60000000,0.02700000,1696204805545,1696204808092
3319368873642,27979.10000000,0.29600000,27979.40000000,0.00700000,1696204805545,1696204808092
3319368873728,27979.10000000,0.29600000,27979.40000000,0.01400000,1696204805545,1696204808092
3319368873753,27979.10000000,0.29600000,27979.30000000,0.00700000,1696204805545,1696204808092
3319368873755,27979.10000000,0.29600000,27979.20000000,0.00700000,1696204805545,1696204808093
3319368875281,27979.10000000,0.29600000,27979.20000000,0.37600000,1696204805551,1696204808095
3319368875529,27979.10000000,0.29600000,27979.20000000,0.40500000,1696204805552,1696204808095
3319368875630,27979.10000000,0.29600000,27979.20000000,0.41200000,1696204805552,1696204808095
3319368876727,27979.10000000,0.29600000,27979.20000000,0.41100000,1696204805556,1696204808101
3319368877697,27979.10000000,0.29600000,27979.20000000,0.44000000,1696204805560,1696204808105
3319368877776,27979.10000000,0.29600000,27979.20000000,0.42700000,1696204805560,1696204808107
3319368878801,27978.70000000,0.35500000,27978.80000000,2.26400000,1696204805564,1696204808108
3319368879256,27978.70000000,0.35500000,27978.80000000,2.24600000,1696204805566,1696204808110
3319368879688,27978.70000000,0.35500000,27978.80000000,2.23700000,1696204805567,1696204808111
3319368880239,27978.70000000,0.35500000,27978.80000000,1.52300000,1696204805569,1696204808114
3319368880455,27978.00000000,1.70000000,27978.30000000,1.72000000,1696204805569,1696204808116
3319368881887,27978.00000000,0.80600000,27978.30000000,1.72000000,1696204805574,1696204808122
3319368882472,27978.00000000,0.80600000,27978.30000000,1.71900000,1696204805576,1696204808127
3319368883381,27978.00000000,0.80600000,27978.30000000,1.71100000,1696204805580,1696204808128
3319368883430,27978.00000000,0.80600000,27978.30000000,1.70900000,1696204805580,1696204808129
3319368883648,27978.00000000,0.80600000,27978.30000000,1.46000000,1696204805581,1696204808129
3319368883791,27978.00000000,0.80600000,27978.30000000,1.45400000,1696204805581,1696204808129
3319368886769,27978.00000000,0.80600000,27978.30000000,1.45200000,1696204805593,1696204808143
3319368888214,27978.00000000,0.78900000,27978.30000000,1.45200000,1696204805598,1696204808154
3319368890225,27977.90000000,0.24000000,27978.30000000,1.45200000,1696204805604,1696204808156
3319368897991,27977.90000000,0.24000000,27978.30000000,1.75200000,1696204805627,1696204808187
3319368901034,27977.90000000,0.24000000,27978.30000000,2.11000000,1696204805637,1696204808199
3319368902468,27977.70000000,0.18400000,27978.30000000,2.11000000,1696204805642,1696204808204
3319368902857,27977.70000000,0.18400000,27978.30000000,1.31600000,1696204805644,1696204808205
3319368904823,27978.00000000,0.26800000,27978.30000000,1.31600000,1696204805651,1696204808214
3319368905082,27978.00000000,0.26700000,27978.30000000,1.31600000,1696204805653,1696204808216
3319368908699,27978.00000000,0.26700000,27978.30000000,1.33400000,1696204805665,1696204808231
3319368908888,27978.00000000,0.26700000,27978.30000000,1.35200000,1696204805665,1696204808231
3319368909282,27978.00000000,0.26700000,27978.30000000,1.36100000,1696204805667,1696204808232
3319368909707,27978.00000000,0.26700000,27978.10000000,0.36200000,1696204805668,1696204808234
3319368909762,27978.00000000,0.26600000,27978.10000000,0.36200000,1696204805668,1696204808234
3319368910744,27978.00000000,0.26700000,27978.10000000,0.36200000,1696204805671,1696204808238
3319368911146,27978.00000000,0.26700000,27978.10000000,0.37800000,1696204805673,1696204808241
3319368911213,27978.00000000,0.26700000,27978.10000000,0.55400000,1696204805673,1696204808241
3319368911260,27978.00000000,0.26700000,27978.10000000,0.55800000,1696204805673,1696204808241
3319368911322,27978.00000000,0.26700000,27978.10000000,0.56200000,1696204805673,1696204808241
3319368911326,27978.00000000,0.26700000,27978.10000000,0.56600000,1696204805673,1696204808241
3319368911491,27978.00000000,0.26700000,27978.10000000,0.57000000,1696204805674,1696204808241
3319368911518,27978.00000000,0.26700000,27978.10000000,0.57400000,1696204805674,1696204808241
3319368911539,27978.00000000,0.26700000,27978.10000000,0.59000000,1696204805674,1696204808241
3319368911622,27978.00000000,0.26700000,27978.10000000,0.59400000,1696204805674,1696204808241
3319368911645,27978.00000000,0.26700000,27978.10000000,0.60400000,1696204805674,1696204808243
3319368911701,27978.00000000,0.26700000,27978.10000000,0.60800000,1696204805674,1696204808243
3319368911792,27978.00000000,0.26700000,27978.10000000,0.62600000,1696204805675,1696204808243
3319368911803,27978.00000000,0.26700000,27978.10000000,0.63600000,1696204805675,1696204808243
3319368911814,27978.00000000,0.26700000,27978.10000000,0.64000000,1696204805675,1696204808243
3319368911874,27978.00000000,0.26700000,27978.10000000,0.81600000,1696204805675,1696204808243
3319368911971,27978.00000000,0.26700000,27978.10000000,0.82500000,1696204805675,1696204808243
3319368912187,27978.00000000,0.26600000,27978.10000000,0.82500000,1696204805676,1696204808245
3319368912207,27978.00000000,0.26600000,27978.10000000,0.82600000,1696204805676,1696204808245
3319368912261,27978.00000000,0.26600000,27978.10000000,0.83500000,1696204805676,1696204808245
3319368912355,27978.00000000,0.26600000,27978.10000000,0.85300000,1696204805676,1696204808245
3319368912814,27978.00000000,0.26600000,27978.10000000,0.55400000,1696204805678,1696204808247
3319368913131,27978.00000000,0.26600000,27978.10000000,0.66200000,1696204805679,1696204808248
3319368913839,27978.00000000,0.26700000,27978.10000000,0.66200000,1696204805682,1696204808251
3319368913910,27978.00000000,0.26700000,27978.10000000,0.66900000,1696204805682,1696204808251
3319368916495,27978.00000000,0.26700000,27978.10000000,0.67800000,1696204805693,1696204808261
3319368916623,27978.00000000,0.26700000,27978.10000000,0.68700000,1696204805693,1696204808261
3319368917681,27978.00000000,0.26700000,27978.10000000,1.48700000,1696204805699,1696204808271
3319368918507,27978.00000000,0.26700000,27978.10000000,1.47700000,1696204805702,1696204808273
3319368919413,27978.00000000,0.26600000,27978.10000000,1.47700000,1696204805707,1696204808274
3319368920339,27978.00000000,0.26600000,27978.10000000,1.32300000,1696204805711,1696204808277
3319368921057,27978.00000000,0.26600000,27978.10000000,1.31000000,1696204805713,1696204808279
3319368922014,27978.00000000,0.26600000,27978.10000000,1.30600000,1696204805718,1696204808282
3319368922083,27978.00000000,0.26600000,27978.10000000,1.30200000,1696204805718,1696204808282
3319368922098,27978.00000000,0.26600000,27978.10000000,1.29700000,1696204805718,1696204808282
3319368922114,27978.00000000,0.26600000,27978.10000000,1.29400000,1696204805718,1696204808282
3319368922189,27978.00000000,0.26600000,27978.10000000,1.29000000,1696204805719,1696204808283
3319368922256,27978.00000000,0.26600000,27978.10000000,1.28600000,1696204805719,1696204808284
3319368922390,27978.00000000,0.26600000,27978.10000000,1.28500000,1696204805719,1696204808284
3319368922755,27978.00000000,0.26600000,27978.10000000,1.27400000,1696204805721,1696204808289
3319368923316,27978.00000000,0.26500000,27978.10000000,1.27400000,1696204805723,1696204808290
3319368924423,27978.00000000,0.31000000,27978.10000000,1.27400000,1696204805727,1696204808291
3319368925165,27978.00000000,0.31100000,27978.10000000,1.27400000,1696204805731,1696204808296
3319368925861,27978.00000000,0.31100000,27978.10000000,1.30300000,1696204805734,1696204808299
3319368925965,27978.00000000,0.31100000,27978.10000000,1.45000000,1696204805734,1696204808299
3319368926079,27978.00000000,0.31200000,27978.10000000,1.45000000,1696204805735,1696204808299
3319368926286,27978.00000000,1.11200000,27978.10000000,1.45000000,1696204805735,1696204808299
3319368927204,27978.00000000,1.11200000,27978.10000000,1.21400000,1696204805740,1696204808302
3319368927236,27978.00000000,1.11200000,27978.10000000,1.23700000,1696204805740,1696204808303
3319368927369,27978.00000000,1.11200000,27978.10000000,1.50200000,1696204805740,1696204808303
3319368927418,27978.00000000,1.11200000,27978.10000000,1.76700000,1696204805740,1696204808303
3319368927490,27978.00000000,1.11200000,27978.10000000,2.32500000,1696204805741,1696204808303
3319368927532,27978.00000000,1.11200000,27978.10000000,2.70900000,1696204805741,1696204808303
3319368927962,27978.00000000,1.49600000,27978.10000000,2.70900000,1696204805742,1696204808305
3319368927977,27978.00000000,1.49600000,27978.10000000,7.70900000,1696204805742,1696204808305
3319368928999,27978.00000000,1.49600000,27978.10000000,8.42300000,1696204805747,1696204808309
3319368929302,27978.00000000,1.49600000,27978.10000000,8.45200000,1696204805748,1696204808310
3319368929309,27978.00000000,1.39700000,27978.10000000,8.45200000,1696204805748,1696204808310
3319368929449,27978.00000000,1.39800000,27978.10000000,8.45200000,1696204805748,1696204808311
3319368929464,27978.00000000,1.39800000,27978.10000000,9.05200000,1696204805748,1696204808311
3319368929676,27978.00000000,1.39800000,27978.10000000,9.04200000,1696204805749,1696204808311
3319368929755,27978.00000000,1.39800000,27978.10000000,9.02400000,1696204805749,1696204808311
3319368929799,27978.00000000,1.39800000,27978.10000000,8.91600000,1696204805750,1696204808313
3319368929974,27978.00000000,1.39800000,27978.10000000,8.90700000,1696204805750,1696204808313
3319368929975,27978.00000000,1.39800000,27978.10000000,8.89800000,1696204805750,1696204808313
3319368930796,27978.00000000,3.11300000,27978.10000000,8.89800000,1696204805754,1696204808317
3319368931094,27978.00000000,3.11300000,27978.10000000,8.90700000,1696204805755,1696204808318
3319368931132,27978.00000000,3.11300000,27978.10000000,8.88600000,1696204805755,1696204808318
3319368931393,27978.00000000,3.11300000,27978.10000000,8.63700000,1696204805756,1696204808319
3319368931667,27978.00000000,3.11400000,27978.10000000,8.63700000,1696204805757,1696204808319
3319368931999,27978.00000000,3.12000000,27978.10000000,8.63700000,1696204805759,1696204808322
3319368932164,27978.00000000,3.05200000,27978.10000000,9.20900000,1696204805759,1696204808322
3319368932513,27978.00000000,3.05200000,27978.10000000,8.59500000,1696204805761,1696204808323
3319368932946,27978.00000000,3.05200000,27978.10000000,8.61500000,1696204805762,1696204808327
3319368933001,27978.00000000,3.07300000,27978.10000000,8.61500000,1696204805763,1696204808327
3319368933746,27978.00000000,3.07000000,27978.10000000,8.61500000,1696204805766,1696204808328
3319368933776,27978.00000000,2.21700000,27978.10000000,8.61500000,1696204805766,1696204808328
3319368934193,27978.00000000,2.35400000,27978.10000000,8.61500000,1696204805768,1696204808332
3319368934210,27978.00000000,2.35500000,27978.10000000,8.61500000,1696204805768,1696204808332
3319368936049,27978.00000000,4.07000000,27978.10000000,8.61500000,1696204805776,1696204808339
3319368936060,27978.00000000,4.24000000,27978.10000000,8.61500000,1696204805776,1696204808339
3319368936706,27978.00000000,4.85600000,27978.10000000,8.61500000,1696204805779,1696204808342
3319368936745,27978.00000000,4.85600000,27978.10000000,8.88600000,1696204805779,1696204808342
3319368936869,27978.00000000,5.14500000,27978.10000000,8.88600000,1696204805780,1696204808342
3319368937525,27978.00000000,5.14500000,27978.10000000,8.89000000,1696204805783,1696204808345
3319368938338,27978.00000000,5.14500000,27978.10000000,8.74300000,1696204805787,1696204808351
3319368938912,27978.00000000,5.14500000,27978.10000000,8.76100000,1696204805789,1696204808352
3319368939026,27978.00000000,5.14500000,27978.10000000,8.77900000,1696204805789,1696204808352
3319368939337,27978.00000000,5.00900000,27978.10000000,8.77900000,1696204805790,1696204808354
3319368939583,27978.00000000,5.01900000,27978.10000000,8.77900000,1696204805792,1696204808356
3319368939876,27978.00000000,6.01900000,27978.10000000,8.77900000,1696204805793,1696204808357
3319368939902,27978.00000000,6.37900000,27978.10000000,8.77900000,1696204805793,1696204808357
3319368940007,27978.00000000,6.73900000,27978.10000000,8.77900000,1696204805794,1696204808357
3319368940406,27978.00000000,6.73900000,27978.10000000,7.27900000,1696204805795,1696204808359
3319368940880,27978.00000000,7.09900000,27978.10000000,7.27900000,1696204805797,1696204808361
3319368940894,27978.00000000,7.09900000,27978.10000000,7.04600000,1696204805797,1696204808361
3319368941468,27978.00000000,7.45900000,27978.10000000,7.04600000,1696204805799,1696204808363
3319368941562,27978.00000000,7.45900000,27978.10000000,7.04200000,1696204805800,1696204808363
3319368941754,27978.00000000,7.45900000,27978.10000000,7.05100000,1696204805801,1696204808364
3319368941826,27978.00000000,7.45900000,27978.10000000,7.06000000,1696204805801,1696204808364
3319368942237,27978.00000000,7.45900000,27978.10000000,7.07800000,1696204805803,1696204808365
3319368942281,27978.00000000,7.45900000,27978.10000000,7.09600000,1696204805803,1696204808365
3319368942336,27978.00000000,7.45900000,27978.10000000,7.11400000,1696204805803,1696204808365
3319368942365,27978.00000000,7.45900000,27978.10000000,7.13200000,1696204805803,1696204808366
3319368942403,27978.00000000,7.46000000,27978.10000000,7.13200000,1696204805804,1696204808367
3319368942979,27978.00000000,7.51100000,27978.10000000,7.13200000,1696204805806,1696204808368
3319368943005,27978.00000000,7.51100000,27978.10000000,7.65700000,1696204805806,1696204808368
3319368943016,27978.00000000,7.51100000,27978.10000000,2.87000000,1696204805806,1696204808368
3319368943059,27978.00000000,7.56200000,27978.10000000,2.87000000,1696204805807,1696204808368
3319368943094,27978.00000000,7.61300000,27978.10000000,2.87000000,1696204805807,1696204808368
3319368943261,27978.00000000,7.66400000,27978.10000000,2.87000000,1696204805807,1696204808369
3319368943348,27978.00000000,7.66400000,27978.10000000,2.87300000,1696204805808,1696204808369
3319368943350,27978.00000000,7.71500000,27978.10000000,2.87300000,1696204805808,1696204808369
3319368943357,27978.00000000,7.71500000,27978.10000000,2.87600000,1696204805808,1696204808369
3319368943434,27978.00000000,7.71500000,27978.10000000,2.87900000,1696204805808,1696204808370
3319368943523,27978.00000000,7.76600000,27978.10000000,2.87900000,1696204805808,1696204808370
3319368944186,27978.00000000,7.83900000,27978.10000000,2.87900000,1696204805812,1696204808374
3319368944199,27978.00000000,7.92200000,27978.10000000,2.87900000,1696204805812,1696204808374
3319368944217,27978.00000000,8.00600000,27978.10000000,2.87900000,1696204805812,1696204808374
3319368944350,27978.00000000,8.08200000,27978.10000000,2.87900000,1696204805813,1696204808375
3319368944709,27978.00000000,8.08200000,27978.10000000,4.87900000,1696204805814,1696204808375
3319368944794,27978.00000000,8.08200000,27978.10000000,5.80100000,1696204805815,1696204808376
3319368944864,27978.00000000,8.17700000,27978.10000000,5.80100000,1696204805815,1696204808376
3319368944868,27978.00000000,8.27500000,27978.10000000,5.80100000,1696204805815,1696204808376
3319368944914,27978.00000000,8.37000000,27978.10000000,5.80100000,1696204805815,1696204808376
3319368944931,27978.00000000,8.46500000,27978.10000000,5.80100000,1696204805815,1696204808376
3319368944939,27978.00000000,8.56000000,27978.10000000,5.80100000,1696204805815,1696204808376
3319368944981,27978.00000000,8.65500000,27978.10000000,5.80100000,1696204805816,1696204808376
3319368945495,27978.00000000,9.01500000,27978.10000000,5.80100000,1696204805818,1696204808378
3319368946117,27978.00000000,9.01500000,27978.10000000,5.78300000,1696204805821,1696204808381
3319368946155,27978.00000000,9.01500000,27978.10000000,5.93000000,1696204805821,1696204808381
3319368946164,27978.00000000,9.01500000,27978.10000000,5.91200000,1696204805821,1696204808381
3319368946567,27978.00000000,9.28000000,27978.10000000,5.91200000,1696204805824,1696204808382
3319368946973,27978.00000000,9.35700000,27978.10000000,5.91200000,1696204805825,1696204808383
3319368947019,27978.00000000,9.35700000,27978.10000000,5.35400000,1696204805825,1696204808383
3319368947072,27978.00000000,9.35700000,27978.10000000,5.08300000,1696204805826,1696204808383
3319368947141,27978.00000000,9.35700000,27978.10000000,4.48300000,1696204805826,1696204808385
3319368947142,27978.00000000,9.35700000,27978.10000000,4.47900000,1696204805826,1696204808385
3319368947190,27978.00000000,9.35700000,27978.10000000,4.48600000,1696204805826,1696204808385
3319368947589,27978.00000000,9.35700000,27978.10000000,4.47900000,1696204805828,1696204808389
3319368947671,27978.00000000,9.35700000,27978.10000000,2.47400000,1696204805828,1696204808389
3319368947851,27978.00000000,9.35700000,27978.10000000,2.40100000,1696204805829,1696204808389
3319368947905,27978.00000000,10.15700000,27978.10000000,2.40100000,1696204805829,1696204808389
3319368948004,27978.00000000,10.24200000,27978.10000000,2.40100000,1696204805830,1696204808389
3319368948006,27978.00000000,10.60200000,27978.10000000,2.40100000,1696204805830,1696204808390
3319368948468,27978.00000000,10.60900000,27978.10000000,2.40100000,1696204805832,1696204808391
3319368948961,27978.00000000,10.63700000,27978.10000000,2.40100000,1696204805834,1696204808391
3319368949054,27978.00000000,10.76900000,27978.10000000,2.40100000,1696204805834,1696204808393
3319368949298,27978.00000000,10.76900000,27978.10000000,2.16800000,1696204805836,1696204808393
3319368949300,27978.00000000,12.19800000,27978.10000000,2.16800000,1696204805836,1696204808393
3319368949339,27978.00000000,12.21400000,27978.10000000,2.16800000,1696204805836,1696204808393
3319368949470,27978.00000000,12.21400000,27978.10000000,1.36800000,1696204805837,1696204808394
3319368949911,27978.00000000,13.64300000,27978.10000000,1.36800000,1696204805839,1696204808397
3319368950128,27978.00000000,13.64300000,27978.10000000,0.44600000,1696204805840,1696204808397
3319368950165,27978.00000000,13.64300000,27978.10000000,0.44100000,1696204805840,1696204808397
3319368950471,27978.00000000,13.84300000,27978.10000000,0.44100000,1696204805841,1696204808398
3319368950482,27978.00000000,14.04300000,27978.10000000,0.44100000,1696204805841,1696204808398
3319368950505,27978.00000000,14.04600000,27978.10000000,0.44100000,1696204805841,1696204808398
3319368950686,27978.00000000,13.91400000,27978.10000000,0.44100000,1696204805842,1696204808399
3319368951288,27978.00000000,13.93700000,27978.10000000,0.44100000,1696204805845,1696204808401
3319368951348,27978.00000000,13.93800000,27978.10000000,0.44100000,1696204805845,1696204808401
3319368951355,27978.00000000,13.93800000,27978.10000000,0.29400000,1696204805845,1696204808401
3319368951831,27978.00000000,13.93800000,27978.10000000,0.31200000,1696204805847,1696204808404
3319368951875,27978.00000000,13.93800000,27978.10000000,0.32100000,1696204805847,1696204808405
3319368951910,27978.00000000,13.93800000,27978.10000000,0.33900000,1696204805847,1696204808405
3319368951916,27978.00000000,13.93800000,27978.10000000,0.35700000,1696204805847,1696204808405
3319368951949,27978.00000000,13.93800000,27978.10000000,0.37500000,1696204805847,1696204808405
3319368951964,27978.00000000,13.93800000,27978.10000000,0.39300000,1696204805847,1696204808405
3319368952137,27978.00000000,13.93800000,27978.10000000,0.40200000,1696204805848,1696204808406
3319368952168,27978.00000000,13.93800000,27978.10000000,0.42000000,1696204805848,1696204808406
3319368953390,27978.00000000,13.93800000,27978.10000000,0.23000000,1696204805853,1696204808409
3319368953821,27979.60000000,4.72900000,27979.70000000,1.28100000,1696204805854,1696204808410
3319368954901,27979.60000000,4.72900000,27979.70000000,1.26900000,1696204805859,1696204808415
3319368955599,27979.60000000,4.72900000,27979.70000000,1.19600000,1696204805862,1696204808418
3319368959089,27979.60000000,4.81200000,27979.70000000,1.19600000,1696204805876,1696204808432
3319368959153,27979.60000000,5.07700000,27979.70000000,1.19600000,1696204805876,1696204808432
3319368959178,27979.60000000,5.41900000,27979.70000000,1.19600000,1696204805876,1696204808432
3319368959212,27979.60000000,5.44200000,27979.70000000,1.19600000,1696204805876,1696204808432
3319368959273,27979.60000000,5.53700000,27979.70000000,1.19600000,1696204805877,1696204808432
3319368959279,27979.60000000,5.63200000,27979.70000000,1.19600000,1696204805877,1696204808432
3319368959345,27979.60000000,5.63900000,27979.70000000,1.19600000,1696204805877,1696204808432
3319368959501,27979.60000000,5.73400000,27979.70000000,1.19600000,1696204805877,1696204808433
3319368959578,27979.60000000,5.39200000,27979.70000000,1.19600000,1696204805878,1696204808433
3319368959589,27979.60000000,4.76900000,27979.70000000,1.19600000,1696204805878,1696204808434
3319368959642,27979.60000000,4.94500000,27979.70000000,1.19600000,1696204805878,1696204808434
3319368959679,27979.60000000,5.02900000,27979.70000000,1.19600000,1696204805878,1696204808434
3319368959769,27979.60000000,5.37100000,27979.70000000,1.19600000,1696204805879,1696204808434
3319368959773,27979.60000000,5.46600000,27979.70000000,1.19600000,1696204805879,1696204808434
3319368959794,27979.60000000,5.54200000,27979.70000000,1.19600000,1696204805879,1696204808434
3319368959795,27979.60000000,5.76600000,27979.70000000,1.19600000,1696204805879,1696204808434
3319368959822,27979.60000000,5.86400000,27979.70000000,1.19600000,1696204805879,1696204808434
3319368960130,27979.60000000,5.24100000,27979.70000000,1.19600000,1696204805880,1696204808437
3319368960205,27979.60000000,5.33600000,27979.70000000,1.19600000,1696204805881,1696204808438
3319368960298,27979.60000000,5.53600000,27979.70000000,1.19600000,1696204805881,1696204808438
3319368960358,27979.60000000,6.18600000,27979.70000000,1.19600000,1696204805881,1696204808438
3319368960395,27979.60000000,6.18600000,27979.70000000,0.96300000,1696204805882,1696204808438
3319368960670,27979.60000000,6.18900000,27979.70000000,0.96300000,1696204805886,1696204808438
3319368960929,27979.60000000,6.18900000,27979.70000000,0.96200000,1696204805888,1696204808439
3319368961156,27979.60000000,6.38900000,27979.70000000,0.96200000,1696204805889,1696204808439
3319368961207,27979.60000000,5.76600000,27979.70000000,0.96200000,1696204805889,1696204808439
3319368961341,27979.60000000,5.76600000,27979.70000000,1.09800000,1696204805890,1696204808440
3319368961475,27979.60000000,5.76600000,27979.70000000,2.02000000,1696204805890,1696204808440
3319368961504,27979.60000000,5.76600000,27979.70000000,1.09800000,1696204805890,1696204808440
3319368961650,27979.60000000,5.76600000,27979.70000000,0.69800000,1696204805891,1696204808440
3319368962622,27980.70000000,0.61200000,27980.80000000,0.00100000,1696204805894,1696204808446
3319368964337,27980.70000000,0.61300000,27980.80000000,0.00100000,1696204805901,1696204808453
3319368964928,27980.70000000,0.00100000,27980.80000000,0.00100000,1696204805903,1696204808455
3319368967181,27981.30000000,4.36100000,27981.40000000,0.21500000,1696204805912,1696204808462
3319368967678,27981.30000000,4.36100000,27981.40000000,2.21500000,1696204805915,1696204808467
3319368971876,27981.30000000,4.93400000,27981.40000000,2.21500000,1696204805935,1696204808481
3319368973384,27981.30000000,5.54600000,27981.40000000,2.21500000,1696204805942,1696204808489
3319368973760,27981.30000000,6.16900000,27981.40000000,2.21500000,1696204805943,1696204808490
3319368974259,27981.30000000,6.16900000,27981.40000000,2.21100000,1696204805945,1696204808494
3319368974422,27981.30000000,6.74200000,27981.40000000,2.21100000,1696204805946,1696204808494
3319368974724,27981.30000000,6.74000000,27981.40000000,2.21100000,1696204805947,1696204808494
3319368976142,27981.30000000,7.00500000,27981.40000000,2.21100000,1696204805954,1696204808498
3319368976144,27981.30000000,7.02800000,27981.40000000,2.21100000,1696204805954,1696204808498
3319368976313,27981.30000000,7.02800000,27981.40000000,5.76800000,1696204805954,1696204808499
3319368977120,27981.30000000,7.20600000,27981.40000000,5.76800000,1696204805958,1696204808505
3319368977204,27981.30000000,7.85600000,27981.40000000,5.76800000,1696204805958,1696204808505
3319368977564,27981.30000000,7.85700000,27981.40000000,5.76800000,1696204805960,1696204808506
3319368977568,27981.30000000,7.23400000,27981.40000000,5.76800000,1696204805960,1696204808506
3319368978192,27981.30000000,6.61100000,27981.40000000,5.76800000,1696204805963,1696204808508
3319368978385,27981.30000000,6.79000000,27981.40000000,5.76800000,1696204805964,1696204808510
3319368978510,27981.30000000,8.21900000,27981.40000000,5.76800000,1696204805964,1696204808511
3319368978881,27981.30000000,7.59600000,27981.40000000,5.76800000,1696204805966,1696204808511
3319368978920,27981.30000000,6.97300000,27981.40000000,5.76800000,1696204805966,1696204808511
3319368979495,27981.30000000,6.35000000,27981.40000000,5.51900000,1696204805968,1696204808515
3319368979969,27981.30000000,6.35000000,27981.40000000,5.53900000,1696204805970,1696204808516
3319368981016,27981.30000000,6.35000000,27981.40000000,6.46100000,1696204805975,1696204808522
3319368981204,27981.30000000,7.06500000,27981.40000000,6.46100000,1696204805976,1696204808522
3319368981295,27981.30000000,7.35400000,27981.40000000,6.46100000,1696204805976,1696204808523
3319368981585,27981.30000000,6.74200000,27981.40000000,6.46100000,1696204805977,1696204808523
3319368982140,27981.30000000,6.11900000,27981.40000000,6.46100000,1696204805980,1696204808524
3319368982152,27981.30000000,5.49600000,27981.40000000,6.46100000,1696204805980,1696204808524
3319368982695,27981.30000000,7.21100000,27981.40000000,6.46100000,1696204805983,1696204808525
3319368982828,27981.30000000,7.50800000,27981.40000000,6.46100000,1696204805983,1696204808525
3319368982837,27981.30000000,6.93500000,27981.40000000,6.46100000,1696204805983,1696204808525
3319368983018,27981.30000000,7.02400000,27981.40000000,6.46100000,1696204805984,1696204808525
3319368983307,27981.30000000,7.22400000,27981.40000000,6.46100000,1696204805986,1696204808528
3319368984285,27981.30000000,7.42400000,27981.40000000,6.46100000,1696204805990,1696204808531
3319368984848,27981.30000000,7.42400000,27981.40000000,6.16200000,1696204805992,1696204808534
3319368985386,27981.30000000,7.41800000,27981.40000000,6.16200000,1696204805994,1696204808538
3319368986292,27981.30000000,5.98900000,27981.40000000,6.16200000,1696204805999,1696204808542
3319368987951,27981.30000000,5.81000000,27981.40000000,6.16200000,1696204806006,1696204808547
3319368988450,27981.30000000,5.81300000,27981.40000000,6.16200000,1696204806008,1696204808550
3319368988552,27981.30000000,7.52800000,27981.40000000,6.16200000,1696204806009,1696204808551
3319368988864,27981.30000000,7.35000000,27981.40000000,6.16200000,1696204806010,1696204808552
3319368988922,27981.30000000,8.77900000,27981.40000000,6.16200000,1696204806010,1696204808552
3319368989012,27981.30000000,8.77900000,27981.40000000,6.30900000,1696204806011,1696204808552
3319368989555,27981.30000000,9.13900000,27981.40000000,6.30900000,1696204806013,1696204808554
3319368989615,27981.30000000,8.56600000,27981.40000000,6.30900000,1696204806013,1696204808555
3319368989818,27981.30000000,8.56600000,27981.40000000,2.75200000,1696204806014,1696204808555
3319368990662,27981.30000000,8.36600000,27981.40000000,2.75200000,1696204806019,1696204808559
3319368990861,27981.30000000,8.36600000,27981.40000000,2.73000000,1696204806020,1696204808561
3319368991601,27981.30000000,8.36600000,27981.40000000,2.52100000,1696204806024,1696204808564
3319368991729,27981.30000000,8.36600000,27981.40000000,2.46500000,1696204806025,1696204808564
3319368992396,27981.30000000,8.16600000,27981.40000000,2.46500000,1696204806028,1696204808570
3319368992807,27981.30000000,8.16600000,27981.40000000,2.52900000,1696204806030,1696204808571
3319368993910,27981.30000000,8.16700000,27981.40000000,2.52900000,1696204806035,1696204808573
3319368994785,27981.30000000,8.16700000,27981.40000000,2.34800000,1696204806039,1696204808575
3319368994897,27981.30000000,8.16700000,27981.40000000,2.20100000,1696204806039,1696204808575
3319368995593,27981.30000000,8.25700000,27981.40000000,2.20100000,1696204806041,1696204808578
3319368996037,27981.30000000,8.25700000,27981.40000000,2.14500000,1696204806043,1696204808579
3319368996366,27981.30000000,8.30800000,27981.40000000,2.14500000,1696204806044,1696204808580
3319368996380,27981.30000000,8.35900000,27981.40000000,2.14500000,1696204806044,1696204808580
3319368996509,27981.30000000,9.78800000,27981.40000000,2.14500000,1696204806044,1696204808582
3319368997264,27981.30000000,9.78900000,27981.40000000,2.14500000,1696204806047,1696204808585
3319368998042,27981.30000000,9.79300000,27981.40000000,2.14500000,1696204806050,1696204808588
3319368998742,27981.30000000,10.15300000,27981.40000000,2.14500000,1696204806053,1696204808590
3319368999659,27981.30000000,8.72400000,27981.40000000,2.14500000,1696204806056,1696204808593
3319368999874,27981.30000000,8.72500000,27981.40000000,2.14500000,1696204806057,1696204808594
3319369001639,27981.30000000,8.77600000,27981.40000000,2.14500000,1696204806064,1696204808600
3319369002334,27981.30000000,8.77700000,27981.40000000,2.14500000,1696204806068,1696204808604
3319369003998,27981.30000000,8.77800000,27981.40000000,2.14500000,1696204806076,1696204808611
3319369004446,27981.30000000,8.71100000,27981.40000000,2.14500000,1696204806078,1696204808612
3319369004536,27981.30000000,8.71100000,27981.40000000,2.14100000,1696204806079,1696204808612
3319369004806,27981.30000000,8.71100000,27981.40000000,2.93900000,1696204806080,1696204808614
3319369005325,27981.30000000,8.71100000,27981.40000000,2.94000000,1696204806083,1696204808616
3319369006531,27981.30000000,8.71100000,27981.40000000,2.69100000,1696204806088,1696204808620
3319369006848,27981.30000000,8.71100000,27981.40000000,3.07500000,1696204806090,1696204808622
3319369007809,27981.30000000,8.89000000,27981.40000000,3.07500000,1696204806096,1696204808626
3319369008027,27981.30000000,8.89000000,27981.40000000,2.69100000,1696204806099,1696204808626
3319369008309,27981.30000000,9.72300000,27981.40000000,2.69100000,1696204806103,1696204808627
3319369008579,27981.30000000,9.72300000,27981.40000000,2.68800000,1696204806105,1696204808629
3319369008649,27981.30000000,9.72300000,27981.40000000,1.68800000,1696204806105,1696204808629
3319369009482,27981.30000000,9.72300000,27981.40000000,1.68000000,1696204806109,1696204808632
3319369010446,27981.30000000,9.72300000,27981.40000000,2.06400000,1696204806116,1696204808638
3319369010559,27981.30000000,9.72400000,27981.40000000,2.06400000,1696204806116,1696204808638
3319369010619,27981.30000000,9.72400000,27981.40000000,2.15300000,1696204806117,1696204808638
3319369011116,27981.30000000,9.72400000,27981.40000000,2.15200000,1696204806120,1696204808639
3319369011818,27981.30000000,9.72400000,27981.40000000,1.76800000,1696204806124,1696204808641
3319369012089,27981.30000000,9.72400000,27981.40000000,1.67900000,1696204806125,1696204808642
3319369012473,27981.30000000,9.72600000,27981.40000000,1.67900000,1696204806127,1696204808646
3319369012752,27981.30000000,9.72600000,27981.40000000,1.69900000,1696204806129,1696204808646
3319369013157,27981.30000000,9.72600000,27981.40000000,1.70000000,1696204806133,1696204808647
3319369013397,27981.30000000,10.08600000,27981.40000000,1.70000000,1696204806136,1696204808649
3319369013816,27981.30000000,10.08600000,27981.40000000,1.64400000,1696204806139,1696204808650
3319369015640,27981.30000000,10.44600000,27981.40000000,1.64400000,1696204806148,1696204808658
3319369015852,27981.30000000,10.80600000,27981.40000000,1.64400000,1696204806149,1696204808660
3319369015862,27981.30000000,11.16600000,27981.40000000,1.64400000,1696204806149,1696204808660
3319369016091,27981.30000000,11.52600000,27981.40000000,1.64400000,1696204806150,1696204808660
3319369016146,27981.30000000,11.34700000,27981.40000000,1.64400000,1696204806151,1696204808660
3319369017923,27981.30000000,11.70700000,27981.40000000,1.64400000,1696204806161,1696204808666
3319369018060,27981.30000000,11.72800000,27981.40000000,1.64400000,1696204806162,1696204808667
3319369018467,27981.30000000,10.96300000,27981.40000000,1.64400000,1696204806165,1696204808670
3319369021401,27981.30000000,11.13300000,27981.40000000,1.64400000,1696204806184,1696204808678
3319369021987,27981.30000000,11.27000000,27981.40000000,1.64400000,1696204806188,1696204808682
3319369022181,27981.30000000,11.44900000,27981.40000000,1.64400000,1696204806190,1696204808683
3319369023679,27981.30000000,11.61900000,27981.40000000,1.64400000,1696204806201,1696204808688
3319369023985,27981.30000000,11.61900000,27981.40000000,1.64200000,1696204806203,1696204808690
3319369024337,27981.30000000,11.61900000,27981.40000000,1.63800000,1696204806206,1696204808692
3319369024604,27981.30000000,11.61900000,27981.40000000,1.63500000,1696204806208,1696204808692
3319369024952,27981.30000000,7.43800000,27981.40000000,1.63500000,1696204806213,1696204808693
3319369025166,27981.30000000,7.43800000,27981.40000000,1.38600000,1696204806215,1696204808695
3319369025752,27981.30000000,7.43000000,27981.40000000,1.38600000,1696204806219,1696204808697
3319369026288,27981.30000000,7.43000000,27981.40000000,1.53800000,1696204806223,1696204808698
3319369026331,27981.30000000,7.43000000,27981.40000000,2.76800000,1696204806224,1696204808698
3319369026564,27981.30000000,7.43000000,27981.40000000,3.56800000,1696204806229,1696204808700
3319369026906,27981.30000000,7.43000000,27981.40000000,3.41600000,1696204806231,1696204808701
3319369027062,27981.30000000,7.43000000,27981.40000000,3.41300000,1696204806232,1696204808701
3319369027084,27981.30000000,7.43000000,27981.40000000,3.79700000,1696204806232,1696204808701
3319369027212,27981.30000000,7.43000000,27981.40000000,3.80000000,1696204806233,1696204808702
3319369027216,27981.30000000,7.43000000,27981.40000000,3.80300000,1696204806233,1696204808702
3319369027253,27981.30000000,7.43100000,27981.40000000,3.80300000,1696204806233,1696204808702
3319369027318,27981.30000000,7.43100000,27981.40000000,3.80600000,1696204806235,1696204808702
3319369027341,27981.30000000,7.43100000,27981.40000000,3.80800000,1696204806235,1696204808702
3319369027901,27981.30000000,7.43100000,27981.40000000,4.65100000,1696204806239,1696204808705
3319369028100,27981.30000000,5.70800000,27981.40000000,4.65100000,1696204806240,1696204808705
3319369028207,27981.30000000,5.70800000,27981.40000000,4.26700000,1696204806240,1696204808707
3319369028282,27981.30000000,5.70800000,27981.40000000,4.98100000,1696204806240,1696204808707
3319369028600,27981.30000000,5.70800000,27981.40000000,4.97400000,1696204806243,1696204808707
3319369028768,27981.30000000,5.70800000,27981.40000000,5.23900000,1696204806245,1696204808708
3319369028862,27981.30000000,5.70800000,27981.40000000,5.23300000,1696204806246,1696204808708
3319369028962,27981.30000000,5.70800000,27981.40000000,5.23600000,1696204806247,1696204808708
3319369029153,27981.30000000,5.70800000,27981.40000000,5.62000000,1696204806248,1696204808711
3319369029192,27981.30000000,4.87500000,27981.40000000,5.62000000,1696204806248,1696204808711
3319369029228,27981.30000000,4.92600000,27981.40000000,5.62000000,1696204806248,1696204808711
3319369029296,27981.30000000,4.97700000,27981.40000000,5.62000000,1696204806249,1696204808711
3319369029505,27981.30000000,4.79800000,27981.40000000,5.62000000,1696204806252,1696204808712
3319369029639,27981.30000000,4.20900000,27981.40000000,5.62000000,1696204806255,1696204808712
3319369030110,27981.30000000,4.20800000,27981.40000000,5.62000000,1696204806260,1696204808713
3319369030254,27981.30000000,4.59200000,27981.40000000,5.62000000,1696204806261,1696204808713
3319369031054,27981.30000000,4.64300000,27981.40000000,5.62000000,1696204806269,1696204808719
3319369031068,27981.30000000,4.64300000,27981.40000000,5.62300000,1696204806269,1696204808719
3319369031272,27981.30000000,4.64400000,27981.40000000,5.62300000,1696204806271,1696204808719
3319369031374,27981.30000000,4.64400000,27981.40000000,5.62400000,1696204806271,1696204808719
3319369031521,27981.30000000,3.79400000,27981.40000000,5.62400000,1696204806272,1696204808720
3319369031610,27981.30000000,3.79400000,27981.40000000,5.88900000,1696204806273,1696204808720
3319369032430,27981.30000000,3.79400000,27981.40000000,5.82300000,1696204806279,1696204808724
3319369032669,27981.30000000,3.62400000,27981.40000000,5.82300000,1696204806282,1696204808725
3319369033209,27981.30000000,3.62400000,27981.40000000,5.82700000,1696204806285,1696204808727
3319369033718,27981.30000000,2.73600000,27981.40000000,5.83400000,1696204806289,1696204808730
3319369033768,27981.30000000,2.73700000,27981.40000000,5.83400000,1696204806290,1696204808730
3319369034138,27981.30000000,2.73700000,27981.40000000,5.83600000,1696204806292,1696204808731
3319369035330,27981.30000000,2.35300000,27981.40000000,5.83600000,1696204806305,1696204808737
3319369035356,27981.30000000,3.15300000,27981.40000000,5.83600000,1696204806305,1696204808737
3319369035481,27981.30000000,3.08400000,27981.40000000,5.83600000,1696204806306,1696204808737
3319369036221,27981.30000000,3.46800000,27981.40000000,5.83600000,1696204806313,1696204808742
3319369036560,27981.30000000,3.46900000,27981.40000000,5.83600000,1696204806318,1696204808744
3319369036934,27981.30000000,3.46900000,27981.40000000,5.84100000,1696204806322,1696204808744
3319369037071,27981.30000000,3.49800000,27981.40000000,5.84100000,1696204806323,1696204808744
3319369037348,27981.30000000,4.41900000,27981.40000000,5.84100000,1696204806330,1696204808745
3319369038046,27981.30000000,4.41900000,27981.40000000,6.14100000,1696204806334,1696204808748
3319369038389,27981.30000000,4.41900000,27981.40000000,6.15100000,1696204806341,1696204808750
3319369038583,27981.30000000,4.45400000,27981.40000000,6.15100000,1696204806347,1696204808750
3319369038680,27981.30000000,5.03500000,27981.40000000,6.15100000,1696204806348,1696204808751
3319369039238,27981.30000000,5.03500000,27981.40000000,6.15500000,1696204806350,1696204808751
3319369042356,27981.30000000,4.65100000,27981.40000000,6.15500000,1696204806364,1696204808764
3319369042510,27981.30000000,4.65100000,27981.40000000,6.33400000,1696204806365,1696204808764
3319369043863,27981.30000000,4.65100000,27981.40000000,4.51700000,1696204806372,1696204808767
3319369044912,27981.30000000,3.85100000,27981.40000000,4.51700000,1696204806376,1696204808774
3319369046707,27981.30000000,3.85100000,27981.40000000,6.51700000,1696204806383,1696204808780
3319369046795,27981.30000000,3.85100000,27981.40000000,6.51000000,1696204806384,1696204808781
3319369047383,27981.30000000,4.23500000,27981.40000000,6.51000000,1696204806388,1696204808784
3319369047503,27981.30000000,4.23500000,27981.40000000,6.53000000,1696204806388,1696204808785
3319369048176,27981.30000000,4.23500000,27981.40000000,6.53300000,1696204806390,1696204808786
3319369048943,27981.30000000,4.23500000,27981.40000000,5.81600000,1696204806397,1696204808790
3319369049221,27981.30000000,3.85100000,27981.40000000,5.81600000,1696204806398,1696204808792
3319369050114,27981.30000000,3.85100000,27981.40000000,5.77200000,1696204806401,1696204808796
3319369050277,27981.30000000,3.85100000,27981.40000000,5.47200000,1696204806402,1696204808796
3319369051432,27981.30000000,3.85100000,27981.40000000,5.46800000,1696204806411,1696204808801
3319369051434,27981.30000000,4.21100000,27981.40000000,5.46800000,1696204806411,1696204808801
3319369051888,27981.30000000,4.21000000,27981.40000000,5.47500000,1696204806412,1696204808804
3319369053017,27981.30000000,4.18100000,27981.40000000,5.47500000,1696204806419,1696204808807
3319369054123,27981.30000000,4.17900000,27981.40000000,5.47500000,1696204806424,1696204808816
3319369054870,27981.30000000,4.17900000,27981.40000000,5.44500000,1696204806433,1696204808817
3319369056832,27981.30000000,4.17900000,27981.40000000,5.59500000,1696204806444,1696204808823
3319369057204,27981.30000000,4.26900000,27981.40000000,5.59500000,1696204806446,1696204808825
3319369058966,27981.30000000,3.90900000,27981.40000000,5.59500000,1696204806455,1696204808831
3319369059041,27981.30000000,3.81900000,27981.40000000,5.59500000,1696204806456,1696204808831
3319369059101,27981.30000000,3.45900000,27981.40000000,5.59500000,1696204806457,1696204808831
3319369059104,27981.30000000,3.09900000,27981.40000000,5.59500000,1696204806457,1696204808831
3319369059113,27981.30000000,2.73900000,27981.40000000,5.59500000,1696204806457,1696204808831
3319369059203,27981.30000000,2.38200000,27981.40000000,5.59500000,1696204806459,1696204808831
3319369059206,27981.30000000,2.02200000,27981.40000000,5.59500000,1696204806459,1696204808832
3319369059750,27981.30000000,2.02200000,27981.40000000,5.59300000,1696204806464,1696204808834
3319369060252,27981.30000000,1.96200000,27981.40000000,5.60000000,1696204806467,1696204808836
3319369061281,27981.30000000,1.38100000,27981.40000000,5.60000000,1696204806475,1696204808839
3319369062410,27981.30000000,1.38100000,27981.40000000,5.61600000,1696204806485,1696204808845
3319369062685,27981.30000000,1.38100000,27981.40000000,5.62000000,1696204806487,1696204808846
3319369062755,27981.30000000,1.33000000,27981.40000000,5.62000000,1696204806487,1696204808846
3319369062989,27981.30000000,1.33000000,27981.40000000,5.60100000,1696204806488,1696204808848
3319369063073,27981.30000000,1.33000000,27981.40000000,5.61100000,1696204806489,1696204808848
3319369063081,27981.30000000,1.27900000,27981.40000000,5.61100000,1696204806489,1696204808848
3319369063095,27981.30000000,1.27900000,27981.40000000,5.62100000,1696204806489,1696204808848
3319369063112,27981.30000000,1.22800000,27981.40000000,5.62100000,1696204806489,1696204808848
3319369063157,27981.30000000,1.22800000,27981.40000000,5.77100000,1696204806490,1696204808848
3319369063529,27981.30000000,1.19300000,27981.40000000,5.77100000,1696204806493,1696204808848
3319369065768,27981.30000000,1.19300000,27981.40000000,5.76400000,1696204806515,1696204808858
3319369066704,27981.30000000,0.98700000,27981.40000000,5.77100000,1696204806519,1696204808861
3319369069285,27981.30000000,0.98700000,27981.40000000,5.76400000,1696204806534,1696204808871
3319369071182,27981.30000000,0.98700000,27981.40000000,6.76400000,1696204806546,1696204808877
3319369071403,27981.30000000,0.99500000,27981.40000000,6.76400000,1696204806548,1696204808879
3319369071984,27981.30000000,0.99500000,27981.40000000,6.77200000,1696204806555,1696204808884
3319369073412,27981.30000000,0.99500000,27981.40000000,6.79000000,1696204806575,1696204808893
3319369073413,27981.30000000,0.99500000,27981.40000000,6.80800000,1696204806575,1696204808893
3319369073414,27981.30000000,0.99500000,27981.40000000,6.82600000,1696204806575,1696204808893
3319369073861,27981.30000000,0.99800000,27981.40000000,6.82600000,1696204806582,1696204808896
3319369074026,27981.30000000,0.99800000,27981.40000000,6.80800000,1696204806584,1696204808899
3319369074027,27981.30000000,0.99800000,27981.40000000,6.79000000,1696204806584,1696204808899
3319369074028,27981.30000000,0.99800000,27981.40000000,6.77200000,1696204806584,1696204808899
3319369074883,27981.30000000,0.87800000,27981.40000000,6.77200000,1696204806595,1696204808901
3319369075321,27981.30000000,0.87800000,27981.40000000,6.77100000,1696204806601,1696204808901
3319369075513,27981.30000000,0.87900000,27981.40000000,6.77100000,1696204806603,1696204808901
3319369075719,27981.30000000,0.87900000,27981.40000000,6.73400000,1696204806604,1696204808903
3319369076050,27981.30000000,0.87900000,27981.40000000,6.79400000,1696204806610,1696204808905
3319369077365,27981.30000000,0.87900000,27981.40000000,6.79600000,1696204806627,1696204808906
3319369077995,27981.30000000,0.89200000,27981.40000000,6.79600000,1696204806640,1696204808907
3319369078558,27981.30000000,0.89200000,27981.40000000,6.76500000,1696204806650,1696204808909
3319369081890,27981.30000000,0.89200000,27981.40000000,6.78300000,1696204806689,1696204808918
3319369081894,27981.30000000,0.89200000,27981.40000000,6.80100000,1696204806689,1696204808918
3319369082524,27981.30000000,1.69200000,27981.40000000,6.80100000,1696204806697,1696204808920
3319369083324,27981.30000000,2.07600000,27981.40000000,6.80100000,1696204806706,1696204808928
3319369083732,27981.30000000,2.07600000,27981.40000000,6.79100000,1696204806712,1696204808929
3319369084623,27981.30000000,2.07600000,27981.40000000,6.63200000,1696204806721,1696204808929
3319369085006,27981.30000000,2.07800000,27981.40000000,6.63200000,1696204806725,1696204808930
3319369085089,27981.30000000,2.07800000,27981.40000000,6.62200000,1696204806727,1696204808930
3319369085162,27981.30000000,2.08100000,27981.40000000,6.62200000,1696204806728,1696204808930
3319369085282,27981.30000000,2.08100000,27981.40000000,6.56200000,1696204806728,1696204808930
3319369086086,27981.30000000,2.08100000,27981.40000000,6.53100000,1696204806738,1696204808933
3319369086178,27981.30000000,2.08100000,27981.40000000,6.00900000,1696204806739,1696204808935
3319369086667,27981.30000000,2.08100000,27981.40000000,5.99100000,1696204806745,1696204808935
3319369086668,27981.30000000,2.08100000,27981.40000000,5.97300000,1696204806745,1696204808935
3319369086701,27981.30000000,2.08100000,27981.40000000,5.19300000,1696204806745,1696204808935
3319369087054,27981.30000000,2.08100000,27981.40000000,5.21100000,1696204806750,1696204808937
3319369087055,27981.30000000,2.08100000,27981.40000000,5.22900000,1696204806750,1696204808937
3319369087424,27981.30000000,2.08900000,27981.40000000,5.22900000,1696204806754,1696204808938
3319369087430,27981.30000000,2.08900000,27981.40000000,4.51500000,1696204806754,1696204808938
3319369087606,27981.30000000,2.08900000,27981.40000000,4.36500000,1696204806757,1696204808939
3319369087607,27981.30000000,2.08900000,27981.40000000,4.21500000,1696204806757,1696204808939
3319369088062,27981.30000000,2.08900000,27981.40000000,4.21100000,1696204806763,1696204808941
3319369088076,27981.30000000,2.08900000,27981.40000000,3.58100000,1696204806763,1696204808941
3319369088085,27981.30000000,2.08900000,27981.40000000,3.56500000,1696204806763,1696204808941
3319369088120,27981.30000000,2.08900000,27981.40000000,3.50800000,1696204806763,1696204808941
3319369088130,27981.30000000,2.08900000,27981.40000000,3.49000000,1696204806763,1696204808941
3319369088131,27981.30000000,2.08900000,27981.40000000,3.47200000,1696204806763,1696204808941
3319369088521,27981.30000000,2.91800000,27981.40000000,3.47200000,1696204806765,1696204808942
3319369088637,27981.30000000,2.91800000,27981.40000000,3.49000000,1696204806766,1696204808943
3319369088718,27981.30000000,2.91800000,27981.40000000,3.31100000,1696204806767,1696204808943
3319369088721,27981.30000000,2.91800000,27981.40000000,3.32900000,1696204806767,1696204808943
3319369088787,27981.30000000,3.23800000,27981.40000000,3.32900000,1696204806769,1696204808943
3319369089122,27981.30000000,3.50300000,27981.40000000,3.32900000,1696204806771,1696204808943
3319369089266,27981.30000000,5.30300000,27981.40000000,3.32900000,1696204806772,1696204808945
3319369089359,27981.30000000,5.30300000,27981.40000000,3.68200000,1696204806772,1696204808946
3319369089535,27981.30000000,5.30300000,27981.40000000,3.44800000,1696204806773,1696204808948
3319369089695,27981.30000000,5.30300000,27981.40000000,3.43000000,1696204806774,1696204808948
3319369089803,27981.30000000,5.30300000,27981.40000000,3.41200000,1696204806775,1696204808949
3319369090104,27981.30000000,5.30300000,27981.40000000,3.05900000,1696204806778,1696204808949
3319369090262,27981.30000000,6.73200000,27981.40000000,3.05900000,1696204806779,1696204808950
3319369090364,27981.30000000,6.73200000,27981.40000000,3.05200000,1696204806780,1696204808950
3319369091152,27981.30000000,6.73200000,27981.40000000,3.03400000,1696204806785,1696204808953
3319369091585,27981.30000000,6.73200000,27981.40000000,2.03400000,1696204806790,1696204808954
3319369093411,27981.30000000,6.90800000,27981.40000000,2.03400000,1696204806802,1696204808961
3319369093880,27981.30000000,6.90800000,27981.40000000,2.18400000,1696204806806,1696204808964
3319369093951,27981.30000000,6.90800000,27981.40000000,2.27300000,1696204806806,1696204808964
3319369094156,27981.30000000,6.73000000,27981.40000000,2.27300000,1696204806808,1696204808964
3319369094412,27981.30000000,6.73000000,27981.40000000,2.18400000,1696204806812,1696204808965
3319369095032,27981.30000000,6.73000000,27981.40000000,2.14800000,1696204806818,1696204808966
3319369095989,27981.30000000,6.73000000,27981.40000000,2.14600000,1696204806827,1696204808968
3319369096965,27981.30000000,7.09000000,27981.40000000,2.14600000,1696204806842,1696204808971
3319369098710,27981.30000000,7.09000000,27981.40000000,1.99600000,1696204806862,1696204808979
3319369098784,27981.30000000,7.45000000,27981.40000000,1.99600000,1696204806863,1696204808979
3319369099071,27981.30000000,7.81000000,27981.40000000,1.99600000,1696204806866,1696204808980
3319369099119,27981.30000000,8.17000000,27981.40000000,1.99600000,1696204806866,1696204808980
3319369099156,27981.30000000,8.53000000,27981.40000000,1.99600000,1696204806867,1696204808980
3319369099266,27981.30000000,8.89000000,27981.40000000,1.99600000,1696204806868,1696204808980
3319369099386,27981.30000000,8.89000000,27981.40000000,1.99800000,1696204806869,1696204808981
3319369099578,27981.30000000,9.25000000,27981.40000000,1.99800000,1696204806872,1696204808981
3319369101113,27981.30000000,9.19900000,27981.40000000,1.23400000,1696204806896,1696204808989
3319369101211,27981.30000000,9.19900000,27981.40000000,1.32300000,1696204806897,1696204808989
3319369101248,27981.30000000,9.19900000,27981.40000000,1.32200000,1696204806897,1696204808989
3319369101508,27981.30000000,9.29500000,27981.40000000,1.32200000,1696204806901,1696204808989
3319369101534,27981.30000000,9.29700000,27981.40000000,1.32200000,1696204806902,1696204808989
3319369101588,27981.30000000,9.29700000,27981.40000000,1.23300000,1696204806902,1696204808989
3319369101710,27981.30000000,9.20100000,27981.40000000,1.23300000,1696204806903,1696204808991
3319369102322,27981.30000000,9.20100000,27981.40000000,1.20200000,1696204806913,1696204808994
3319369104752,27981.30000000,10.02200000,27981.40000000,1.20200000,1696204806950,1696204809000
3319369106395,27981.30000000,10.02200000,27981.40000000,1.14900000,1696204806978,1696204809007
3319369106415,27981.30000000,8.59300000,27981.40000000,1.14900000,1696204806979,1696204809007
3319369106698,27981.30000000,8.79300000,27981.40000000,1.14900000,1696204806983,1696204809007
3319369106746,27981.30000000,8.99300000,27981.40000000,1.14900000,1696204806984,1696204809010
3319369106879,27981.30000000,8.99600000,27981.40000000,1.14900000,1696204806985,1696204809010
3319369107197,27981.30000000,8.17400000,27981.40000000,1.14900000,1696204806988,1696204809011
3319369108272,27981.30000000,8.53400000,27981.40000000,1.14900000,1696204807000,1696204809014
3319369108359,27981.30000000,8.62400000,27981.40000000,1.14900000,1696204807001,1696204809015
3319369108393,27981.30000000,8.98400000,27981.40000000,1.14900000,1696204807002,1696204809015
3319369109210,27981.30000000,8.98400000,27981.40000000,1.21300000,1696204807011,1696204809018
3319369109592,27981.30000000,8.98400000,27981.40000000,1.27700000,1696204807015,1696204809019
3319369111508,27981.30000000,8.98400000,27981.40000000,1.27200000,1696204807025,1696204809024
3319369111716,27981.30000000,8.98400000,27981.40000000,1.32600000,1696204807026,1696204809024
3319369111818,27981.30000000,8.98400000,27981.40000000,1.41500000,1696204807026,1696204809024
3319369112591,27981.30000000,8.99200000,27981.40000000,1.41500000,1696204807032,1696204809028
3319369112631,27981.30000000,9.00000000,27981.40000000,1.41500000,1696204807032,1696204809028
3319369114353,27981.30000000,8.95400000,27981.40000000,1.41500000,1696204807042,1696204809036
3319369116669,27981.30000000,8.95400000,27981.40000000,1.40700000,1696204807065,1696204809045
3319369117283,27981.30000000,8.07700000,27981.40000000,1.40700000,1696204807072,1696204809045
3319369117842,27981.30000000,8.07700000,27981.40000000,1.41900000,1696204807078,1696204809047
3319369118099,27981.30000000,8.07800000,27981.40000000,1.41900000,1696204807080,1696204809049
3319369118310,27981.30000000,7.87800000,27981.40000000,1.41900000,1696204807083,1696204809049
3319369118321,27981.30000000,8.07800000,27981.40000000,1.41900000,1696204807083,1696204809049
3319369118344,27981.30000000,8.07500000,27981.40000000,1.41900000,1696204807084,1696204809049
3319369118362,27981.30000000,7.87500000,27981.40000000,1.41900000,1696204807084,1696204809049
3319369118948,27981.30000000,8.74000000,27981.40000000,1.41900000,1696204807090,1696204809052
3319369119152,27981.30000000,8.74000000,27981.40000000,1.43500000,1696204807093,1696204809054
3319369119330,27981.30000000,8.94000000,27981.40000000,1.43500000,1696204807095,1696204809054
3319369119413,27981.30000000,8.94000000,27981.40000000,2.14900000,1696204807096,1696204809054
3319369119487,27981.30000000,8.94300000,27981.40000000,2.14900000,1696204807097,1696204809054
3319369119527,27981.30000000,9.14300000,27981.40000000,2.14900000,1696204807100,1696204809054
3319369121137,27981.30000000,9.32200000,27981.40000000,2.14900000,1696204807117,1696204809060
3319369123597,27986.20000000,2.57600000,27986.40000000,0.30300000,1696204807138,1696204809068
3319369124087,27986.20000000,2.57600000,27986.40000000,0.24400000,1696204807143,1696204809069
3319369124372,27986.20000000,2.68800000,27986.40000000,0.24400000,1696204807147,1696204809071
3319369124467,27986.20000000,2.68700000,27986.40000000,0.24400000,1696204807148,1696204809071
3319369124706,27986.20000000,2.68700000,27986.40000000,0.24300000,1696204807151,1696204809071
3319369124854,27986.20000000,0.11200000,27986.40000000,0.24300000,1696204807151,1696204809073
3319369125076,27986.20000000,0.11200000,27986.40000000,0.24200000,1696204807155,1696204809073
3319369125107,27986.20000000,0.11200000,27986.40000000,0.24100000,1696204807155,1696204809073
3319369125335,27986.20000000,0.11200000,27986.40000000,0.24200000,1696204807155,1696204809074
3319369125368,27986.20000000,0.47400000,27986.40000000,0.24200000,1696204807155,1696204809075
3319369125441,27986.20000000,0.36200000,27986.40000000,0.24200000,1696204807156,1696204809075
3319369125444,27986.20000000,0.67400000,27986.40000000,0.24200000,1696204807156,1696204809075
3319369125529,27986.20000000,0.67400000,27986.40000000,0.24100000,1696204807156,1696204809075
3319369125637,27986.20000000,0.67400000,27986.40000000,0.24000000,1696204807156,1696204809075
3319369125678,27986.20000000,0.67400000,27986.40000000,0.23900000,1696204807156,1696204809075
3319369126203,27986.20000000,0.31200000,27986.40000000,0.23900000,1696204807158,1696204809076
3319369126992,27986.20000000,0.31200000,27986.40000000,2.03900000,1696204807160,1696204809080
3319369127130,27986.20000000,0.31200000,27986.40000000,5.59600000,1696204807161,1696204809081
3319369127394,27986.20000000,0.31200000,27986.40000000,5.35800000,1696204807162,1696204809081
3319369127413,27986.20000000,1.14100000,27986.40000000,5.35800000,1696204807162,1696204809081
3319369127532,27986.20000000,0.82900000,27986.40000000,5.35800000,1696204807162,1696204809081
3319369127552,27986.20000000,0.82900000,27986.40000000,6.58800000,1696204807162,1696204809081
3319369127554,27986.20000000,0.82900000,27986.40000000,6.59100000,1696204807162,1696204809081
3319369127558,27986.20000000,0.82900000,27986.40000000,6.59400000,1696204807162,1696204809081
3319369127585,27986.30000000,0.00400000,27986.40000000,6.59400000,1696204807162,1696204809081
3319369127616,27986.30000000,0.08000000,27986.40000000,6.59400000,1696204807163,1696204809081
3319369127711,27986.30000000,0.08000000,27986.40000000,6.79400000,1696204807163,1696204809082
3319369127869,27986.30000000,0.15400000,27986.40000000,6.79400000,1696204807163,1696204809084
3319369127880,27986.30000000,0.15400000,27986.40000000,6.62500000,1696204807163,1696204809084
3319369128346,27986.30000000,0.15600000,27986.40000000,6.62500000,1696204807164,1696204809085
3319369128407,27986.30000000,0.15800000,27986.40000000,6.62500000,1696204807165,1696204809085
3319369128499,27986.20000000,1.31900000,27986.40000000,6.62500000,1696204807165,1696204809085
3319369128520,27986.30000000,0.08500000,27986.40000000,6.62500000,1696204807165,1696204809085
3319369128567,27986.30000000,0.08700000,27986.40000000,6.62500000,1696204807165,1696204809085
3319369128576,27986.30000000,0.08700000,27986.40000000,6.82500000,1696204807165,1696204809085
3319369128596,27986.30000000,0.08700000,27986.40000000,6.82400000,1696204807165,1696204809085
3319369128630,27986.30000000,0.16400000,27986.40000000,6.82400000,1696204807165,1696204809085
3319369128767,27986.30000000,0.16400000,27986.40000000,6.82300000,1696204807166,1696204809086
3319369128816,27986.30000000,0.49100000,27986.40000000,6.82300000,1696204807166,1696204809086
3319369128924,27986.30000000,1.48200000,27986.40000000,6.82300000,1696204807166,1696204809087
3319369129278,27986.30000000,1.55500000,27986.40000000,6.82300000,1696204807167,1696204809088
3319369129403,27986.30000000,1.09300000,27986.40000000,6.82300000,1696204807168,1696204809089
3319369129413,27986.30000000,1.17600000,27986.40000000,6.82300000,1696204807168,1696204809089
3319369129460,27986.30000000,1.25500000,27986.40000000,6.82300000,1696204807168,1696204809089
3319369129541,27986.30000000,1.33700000,27986.40000000,6.82300000,1696204807168,1696204809089
3319369129634,27986.30000000,1.33700000,27986.40000000,8.48200000,1696204807169,1696204809089
3319369129758,27986.30000000,1.42100000,27986.40000000,8.48200000,1696204807169,1696204809091
3319369129767,27986.30000000,1.42100000,27986.40000000,8.95400000,1696204807169,1696204809091
3319369130273,27986.30000000,1.42100000,27986.40000000,9.04000000,1696204807171,1696204809091
3319369130344,27986.30000000,1.42100000,27986.40000000,9.75400000,1696204807171,1696204809091
3319369130382,27986.30000000,1.42400000,27986.40000000,9.75400000,1696204807171,1696204809091
3319369130405,27986.30000000,1.42400000,27986.40000000,9.83000000,1696204807171,1696204809091
3319369130507,27986.30000000,1.42400000,27986.40000000,9.91200000,1696204807172,1696204809091
3319369130602,27986.30000000,1.42400000,27986.40000000,9.99500000,1696204807172,1696204809091
3319369130634,27986.30000000,1.42400000,27986.40000000,10.79500000,1696204807172,1696204809092
3319369130697,27986.30000000,1.42400000,27986.40000000,10.87900000,1696204807173,1696204809092
3319369130707,27986.30000000,1.42400000,27986.40000000,11.23200000,1696204807173,1696204809092
3319369130958,27986.30000000,1.42400000,27986.40000000,11.25200000,1696204807174,1696204809094
3319369131131,27986.30000000,1.68900000,27986.40000000,11.25200000,1696204807174,1696204809094
3319369131152,27986.30000000,1.68900000,27986.40000000,11.96600000,1696204807175,1696204809094
3319369131216,27986.30000000,1.68900000,27986.40000000,12.05200000,1696204807175,1696204809094
3319369131249,27986.30000000,1.68900000,27986.40000000,12.13800000,1696204807175,1696204809096
3319369131461,27986.30000000,1.68900000,27986.40000000,12.21300000,1696204807176,1696204809097
3319369131523,27986.30000000,1.68900000,27986.40000000,12.29000000,1696204807176,1696204809097
3319369131604,27986.30000000,1.88900000,27986.40000000,12.29000000,1696204807176,1696204809097
3319369131613,27986.30000000,1.88900000,27986.40000000,12.36900000,1696204807176,1696204809097
3319369131908,27986.30000000,1.99300000,27986.40000000,12.36900000,1696204807177,1696204809098
3319369132405,27986.30000000,2.79300000,27986.40000000,12.36900000,1696204807179,1696204809098
3319369132486,27986.30000000,2.80100000,27986.40000000,12.36900000,1696204807179,1696204809099
3319369132671,27986.30000000,2.80100000,27986.40000000,12.36600000,1696204807180,1696204809099
3319369132734,27986.30000000,2.80100000,27986.40000000,12.36700000,1696204807180,1696204809101
3319369132738,27986.30000000,2.69700000,27986.40000000,12.36700000,1696204807180,1696204809101
3319369132847,27986.30000000,3.08100000,27986.40000000,12.36700000,1696204807181,1696204809101
3319369133013,27986.30000000,3.08100000,27986.40000000,12.16700000,1696204807181,1696204809101
3319369133264,27986.30000000,3.08100000,27986.40000000,12.24100000,1696204807182,1696204809101
3319369133372,27986.30000000,3.00800000,27986.40000000,12.24100000,1696204807183,1696204809102
3319369133380,27986.30000000,2.92500000,27986.40000000,12.24100000,1696204807183,1696204809102
3319369133668,27986.30000000,2.92500000,27986.40000000,12.04100000,1696204807184,1696204809102
3319369134118,27986.30000000,2.84600000,27986.40000000,12.04100000,1696204807185,1696204809106
3319369134185,27986.30000000,2.84600000,27986.40000000,12.30600000,1696204807185,1696204809106
3319369134188,27986.30000000,2.84600000,27986.40000000,12.38500000,1696204807185,1696204809106
3319369134229,27986.30000000,3.67500000,27986.40000000,12.38500000,1696204807186,1696204809106
3319369134298,27986.30000000,3.67500000,27986.40000000,12.46000000,1696204807186,1696204809106
3319369134395,27986.30000000,3.67500000,27986.40000000,12.53800000,1696204807186,1696204809107
3319369134531,27986.30000000,3.67200000,27986.40000000,12.53800000,1696204807187,1696204809107
3319369134537,27986.30000000,3.67200000,27986.40000000,12.61100000,1696204807187,1696204809107
3319369134644,27986.30000000,3.67200000,27986.40000000,12.69000000,1696204807187,1696204809107
3319369134650,27986.30000000,3.59000000,27986.40000000,12.69000000,1696204807187,1696204809107
3319369134667,27986.30000000,3.59000000,27986.40000000,12.77500000,1696204807187,1696204809107
3319369134724,27986.30000000,3.59200000,27986.40000000,12.77500000,1696204807187,1696204809107
3319369134764,27986.30000000,3.59200000,27986.40000000,11.97500000,1696204807188,1696204809107
3319369134796,27986.30000000,3.50800000,27986.40000000,11.97500000,1696204807188,1696204809108
3319369134982,27986.30000000,3.50800000,27986.40000000,11.62200000,1696204807188,1696204809108
3319369135096,27986.30000000,3.50800000,27986.40000000,11.69900000,1696204807189,1696204809109
3319369135123,27986.30000000,3.50800000,27986.40000000,8.14200000,1696204807189,1696204809109
3319369135265,27986.30000000,3.50800000,27986.40000000,8.15800000,1696204807190,1696204809109
3319369135414,27986.30000000,3.50800000,27986.40000000,8.23600000,1696204807190,1696204809110
3319369135445,27986.30000000,3.50800000,27986.40000000,8.23300000,1696204807190,1696204809110
3319369135744,27986.30000000,3.50800000,27986.40000000,8.31000000,1696204807191,1696204809111
3319369135992,27986.30000000,3.50800000,27986.40000000,8.39400000,1696204807192,1696204809112
3319369136030,27986.30000000,3.50800000,27986.40000000,8.47700000,1696204807192,1696204809112
3319369136167,27986.30000000,2.70800000,27986.40000000,8.47700000,1696204807193,1696204809112
3319369136431,27986.30000000,2.32400000,27986.40000000,8.47700000,1696204807194,1696204809113
3319369136495,27986.30000000,2.25900000,27986.40000000,8.47700000,1696204807194,1696204809113
3319369136635,27986.30000000,2.25900000,27986.40000000,9.29600000,1696204807195,1696204809113
3319369136775,27986.30000000,2.25900000,27986.40000000,9.47200000,1696204807195,1696204809114
